OBJECTID_12,OBJECTID_1,STATEFP,COUNTYFP,TRACTCE,BLKGRPCE,GEOID,NAMELSAD,MTFCC,FUNCSTAT,ALAND,AWATER,INTPTLAT,INTPTLON,GEOCODE,COUNTY,NAME,LABEL,LOGRECNO,POP20,HHPOP20,GQPOP20,IGQPOP20,NGQPOP20,P20_LT18,P20_GE18,POPDENS20,HU20,HU_OCC20,HU_VAC20,PPH20,NH_NAT20,NH_ASN20,NH_BLK20,NH_PAC20,NH_OTH20,NH_WHT20,NH_MULT20,HISP20,H_NAT20,H_ASN20,H_BLK20,H_PAC20,H_OTH20,H_WHT20,H_MULT20,NAT_AOIC20,ASN_AOIC20,BLK_AOIC20,PAC_AOIC20,OTH_AOIC20,WHT_AOIC20,NH18NAT20,NH18ASN20,NH18BLK20,NH18PAC20,NH18OTH20,NH18WHT20,NH18MULT20,HISP18,H18NAT20,H18ASN20,H18BLK20,H18PAC20,H18OTH20,H18WHT20,H18MULT20,IGQ_COR20,IGQ_JUV20,IGQ_NURS20,IGQ_OTH20,NGQ_COLL20,NGQ_MIL20,NGQOTH20,AREALAND20,AREAWATR20,ObjectID,Shape_Leng,SHAPE_Length,SHAPE_Area
1,1,41,29,100,2,410290001002,Block Group 2,G5030,S,1593297,0,42.3221153,-122.8685533,410290001002,Jackson County,Block Group 2,2,2029,955,871,84,0,84,171,784,1552.4,461,435,26,2.0,14,21,25,0,7,613,55,220,22,2,0,1,64,80,51,71,36,42,3,120,795,10,18,24,0,7,550,34,141,21,1,0,0,33,52,34,0,0,0,0,0,0,84,1593297,0,779,0.0771640135617,9804.65311800807,2916414.48922572
2,2,41,29,201,1,410290002011,Block Group 1,G5030,S,557475,0,42.3324519,-122.8862449,410290002011,Jackson County,Block Group 1,1,2030,1378,1378,0,0,0,410,968,6402.09,507,488,19,2.82,11,4,23,9,10,712,84,525,4,2,1,0,243,94,181,75,23,43,12,449,1065,3,4,16,6,6,568,56,309,2,2,0,0,152,52,101,0,0,0,0,0,0,0,557475,0,780,0.0389608554127,4928.87362341896,1020748.97986545
3,3,41,29,201,2,410290002012,Block Group 2,G5030,S,364953,0,42.3193575,-122.8738736,410290002012,Jackson County,Block Group 2,2,2031,1082,1028,54,35,19,253,829,7678.71,462,428,34,2.4,13,21,15,8,3,701,95,226,8,0,1,0,66,43,108,82,40,39,11,180,941,12,18,11,3,1,555,68,161,4,0,1,0,49,31,76,13,22,0,0,0,0,19,364953,0,781,0.0292098918411,3654.36276130052,667965.027561682
4,4,41,29,201,3,410290002013,Block Group 3,G5030,S,420743,0,42.3273803,-122.881275,410290002013,Jackson County,Block Group 3,3,2032,1305,1087,218,215,3,239,1066,8033.25,511,485,26,2.24,20,9,32,2,4,915,84,239,7,0,10,0,63,59,100,84,25,67,7,170,1154,18,7,29,1,4,777,65,165,7,0,7,0,41,40,70,215,0,0,0,0,0,3,420743,0,782,0.0450236126309,5686.91072805297,770265.574290089
5,5,41,29,202,2,410290002022,Block Group 2,G5030,S,287837,0,42.3201452,-122.8854021,410290002022,Jackson County,Block Group 2,2,2034,1111,1111,0,0,0,285,826,9996.9,457,435,22,2.55,2,9,8,4,8,653,86,341,1,0,0,0,170,44,126,63,19,26,6,307,909,2,9,5,4,5,518,48,235,1,0,0,0,115,29,90,0,0,0,0,0,0,0,287837,0,784,0.0332771836535,4085.80656024108,526833.245481439
6,6,41,51,3702,1,410510037021,Block Group 1,G5030,S,228336,0,45.5681995,-122.6651061,410510037021,Multnomah County,Block Group 1,1,3218,698,698,0,0,0,127,571,7917.33,287,277,10,2.52,5,13,92,1,16,471,61,39,0,0,2,0,6,5,26,25,31,114,8,64,551,5,12,82,1,11,394,39,27,0,0,0,0,5,5,17,0,0,0,0,0,0,0,228336,0,1968,0.021975996544,2783.69761042169,465858.517084035
7,7,41,51,3301,3,410510033013,Block Group 3,G5030,S,204504,0,45.5613585,-122.6571177,410510033013,Multnomah County,Block Group 3,3,3188,926,926,0,0,0,154,772,11727.54,441,423,18,2.19,3,25,136,0,7,588,74,93,2,2,5,0,27,19,38,33,50,166,7,89,704,3,23,112,0,6,502,61,65,2,2,3,0,23,12,23,0,0,0,0,0,0,0,204504,0,1938,0.0230662275234,2826.52776224256,417131.464198495
8,8,41,51,4102,4,410510041024,Block Group 4,G5030,S,483941,0,45.5918882,-122.7438298,410510041024,Multnomah County,Block Group 4,4,3251,1584,1576,8,0,8,274,1310,8477.36,794,756,38,2.08,5,45,61,25,23,1132,122,171,12,3,4,1,74,33,44,49,85,102,35,176,1321,3,44,49,11,17,972,75,139,11,3,4,0,61,25,35,0,0,0,0,0,0,8,483941,0,2001,0.0303813657065,4003.62979889551,988174.006632613
9,9,41,51,2901,2,410510029012,Block Group 2,G5030,S,328839,0,45.5519425,-122.5886344,410510029012,Multnomah County,Block Group 2,2,3162,948,948,0,0,0,172,776,7466.6,412,399,13,2.38,5,84,7,0,6,710,59,77,1,1,0,0,22,19,34,32,107,19,4,69,821,5,74,7,0,6,600,33,51,0,1,0,0,16,14,20,0,0,0,0,0,0,0,328839,0,1912,0.0252235970012,3514.0807631914,670516.932034807
10,10,41,51,902,1,410510009021,Block Group 1,G5030,S,410280,0,45.4936413,-122.6260921,410510009021,Multnomah County,Block Group 1,1,3051,2211,2159,52,35,17,293,1918,13957.45,1055,1001,54,2.16,12,218,44,14,7,1520,189,207,8,0,2,2,70,50,75,72,303,107,30,168,1817,9,177,40,8,7,1374,138,165,8,0,2,2,58,41,54,0,0,35,0,0,0,17,410280,0,1801,0.0278218579752,3742.90750115543,834858.931161923
11,11,41,51,502,3,410510005023,Block Group 3,G5030,S,270534,0,45.4774673,-122.5836246,410510005023,Multnomah County,Block Group 3,3,3020,1006,994,12,0,12,201,805,9631.06,410,392,18,2.54,10,154,31,3,1,610,80,117,2,0,0,0,33,38,44,43,201,57,9,83,763,7,126,23,3,1,524,46,75,2,0,0,0,29,25,19,0,0,0,0,0,0,12,270534,0,1770,0.0278767523076,3450.43246858049,550182.295857415
12,12,41,51,3803,1,410510038031,Block Group 1,G5030,S,371313,0,45.5663295,-122.691594,410510038031,Multnomah County,Block Group 1,1,3227,1266,1252,14,0,14,216,1050,8830.62,562,543,19,2.31,4,52,36,2,9,987,91,85,6,0,4,0,22,18,35,46,84,61,3,87,1127,3,46,31,2,3,841,63,61,6,0,2,0,17,12,24,0,0,0,0,0,0,14,371313,0,1977,0.0262943054707,3613.92649178925,757514.974370004
13,13,41,51,7800,1,410510078001,Block Group 1,G5030,S,292892,0,45.5569799,-122.5625546,410510078001,Multnomah County,Block Group 1,1,3389,912,911,1,0,1,197,715,8064.64,379,361,18,2.52,9,116,103,37,3,414,51,179,13,4,0,0,106,20,36,44,141,131,42,153,511,9,100,73,15,3,360,40,115,10,0,0,0,72,11,22,0,0,0,0,0,0,1,292892,0,2139,0.0302420793238,3624.26225414605,597327.432282972
14,14,41,51,1301,4,410510013014,Block Group 4,G5030,S,201293,0,45.5175152,-122.6315352,410510013014,Multnomah County,Block Group 4,4,3073,1387,1200,187,126,61,114,1273,17846.19,719,677,42,1.77,1,54,42,0,7,1071,97,115,0,1,6,0,23,33,52,41,89,67,6,104,1243,1,52,38,0,7,996,83,96,0,1,6,0,17,31,41,0,0,126,0,0,0,61,201293,0,1823,0.0202961494612,2597.41771999106,409943.530144767
15,15,41,51,10402,1,410510104021,Block Group 1,G5030,S,23729682,523889,45.4818277,-122.3181304,410510104021,Multnomah County,Block Group 1,1,3546,1778,1771,7,0,7,351,1427,194.06,658,634,24,2.79,19,35,8,2,8,1465,124,117,4,0,0,0,43,35,35,74,76,19,6,112,1658,11,25,7,2,5,1218,81,78,4,0,0,0,35,25,14,0,0,0,0,0,0,7,23729682,523889,2296,0.342484655699,44001.7729930085,49333800.3674598
16,16,41,51,10500,3,410510105003,Block Group 3,G5030,S,360345959,16659099,45.5352818,-122.0357876,410510105003,Multnomah County,Block Group 3,3,3571,817,817,0,0,0,176,641,5.87,348,295,53,2.77,3,10,1,3,3,686,65,46,0,0,0,0,4,19,23,36,27,9,5,45,792,3,8,1,2,2,559,44,22,0,0,0,0,2,8,12,0,0,0,0,0,0,0,360345959,16659099,2321,1.41752145771,174850.932684538,768243543.92931
17,17,41,51,7100,2,410510071002,Block Group 2,G5030,S,30169367,24183,45.7095454,-122.9054893,410510071002,Multnomah County,Block Group 2,2,3372,524,524,0,0,0,94,430,44.98,230,200,30,2.62,1,11,1,2,6,427,53,23,2,0,0,0,3,2,16,32,39,3,4,26,495,1,11,1,1,6,363,33,14,0,0,0,0,3,1,10,0,0,0,0,0,0,0,30169367,24183,2122,0.444656098645,60346.0774555283,61825460.4886452
18,18,41,51,3000,2,410510030002,Block Group 2,G5030,S,409405,0,45.5559855,-122.6255516,410510030002,Multnomah County,Block Group 2,2,3175,1380,1380,0,0,0,218,1162,8730.19,603,576,27,2.4,2,60,39,1,2,1087,100,89,6,2,0,0,19,27,35,20,102,68,4,88,1245,2,55,34,1,1,929,69,71,6,2,0,0,12,23,28,0,0,0,0,0,0,0,409405,0,1925,0.0296843745442,3741.18217911347,834919.61253679
19,19,41,51,2501,1,410510025011,Block Group 1,G5030,S,219188,0,45.5467386,-122.6349169,410510025011,Multnomah County,Block Group 1,1,3138,762,762,0,0,0,200,562,9004.01,291,287,4,2.66,3,27,11,2,3,621,71,24,0,0,1,0,3,4,16,13,69,21,7,32,711,0,24,9,2,0,483,31,13,0,0,0,0,1,4,8,0,0,0,0,0,0,0,219188,0,1888,0.0228400941487,2832.25485754714,446853.593114355
20,20,41,51,1801,2,410510018012,Block Group 2,G5030,S,304101,0,45.524701,-122.5994115,410510018012,Multnomah County,Block Group 2,2,3106,1288,1288,0,0,0,153,1135,10969.73,695,653,42,1.97,5,40,40,0,11,1002,105,85,3,0,0,0,17,21,44,42,81,62,8,86,1168,5,33,31,0,11,910,79,66,2,0,0,0,17,15,32,0,0,0,0,0,0,0,304101,0,1856,0.0275573331146,3392.39670804711,619476.770450832
21,21,41,51,2903,3,410510029033,Block Group 3,G5030,S,362822,0,45.5375084,-122.5759752,410510029033,Multnomah County,Block Group 3,3,3172,1257,1254,3,0,3,284,973,8973.04,472,459,13,2.73,9,231,127,24,6,594,97,169,11,1,3,0,78,15,61,58,264,168,34,157,753,3,198,82,10,6,505,56,113,8,1,3,0,57,4,40,0,0,0,0,0,0,3,362822,0,1922,0.0272927460889,3721.82442303686,739433.01553703
22,22,41,1,950400,3,410019504003,Block Group 3,G5030,S,470576,0,44.7751503,-117.8221816,410019504003,Baker County,Block Group 3,3,1262,862,859,3,0,3,180,682,4744.33,421,386,35,2.23,11,1,2,2,4,767,40,35,0,0,0,1,11,14,9,29,6,5,8,41,828,6,1,0,2,4,624,29,16,0,0,0,0,6,6,4,0,0,0,0,0,0,3,470576,0,12,0.0362602421538,4387.22307375139,933880.578485836
23,23,41,1,950300,3,410019503003,Block Group 3,G5030,S,800202675,4526019,44.4345,-117.4547032,410019503003,Baker County,Block Group 3,3,1259,594,594,0,0,0,104,490,1.92,340,259,81,2.29,6,0,0,0,2,522,49,15,1,0,0,0,2,3,9,36,5,4,3,26,580,6,0,0,0,2,437,35,10,0,0,0,0,1,2,7,0,0,0,0,0,0,0,800202675,4526019,9,1.72181145324,218959.532553583,1578887560.11968
24,24,41,1,950300,1,410019503001,Block Group 1,G5030,S,18530487,0,44.7496991,-117.8632336,410019503001,Baker County,Block Group 1,1,1257,954,954,0,0,0,207,747,133.34,398,378,20,2.52,11,7,6,3,4,813,54,56,0,0,1,3,22,12,18,41,21,16,7,49,895,11,3,2,0,4,655,44,28,0,0,0,2,10,5,11,0,0,0,0,0,0,0,18530487,0,7,0.251218146209,32176.5489220613,36742562.5675869
25,25,41,1,950400,2,410019504002,Block Group 2,G5030,S,566891,0,44.779366,-117.821973,410019504002,Baker County,Block Group 2,2,1261,733,733,0,0,0,161,572,3348.9,348,325,23,2.26,13,4,0,0,0,644,30,42,2,0,0,0,10,12,18,32,9,9,3,30,703,8,4,0,0,0,510,19,31,2,0,0,0,10,10,9,0,0,0,0,0,0,0,566891,0,11,0.0371706006975,4555.87891266079,1125193.0481864
26,26,41,1,950500,1,410019505001,Block Group 1,G5030,S,499689031,1304623,44.9044089,-117.7863816,410019505001,Baker County,Block Group 1,1,1263,1865,1862,3,0,3,426,1439,9.67,877,806,71,2.31,17,0,7,0,9,1645,65,122,0,0,0,0,45,59,18,57,8,16,1,85,1787,15,0,1,0,9,1303,40,71,0,0,0,0,32,27,12,0,0,0,0,0,0,3,499689031,1304623,13,1.68897302923,216799.71756017,998820229.849814
27,27,41,1,950600,1,410019506001,Block Group 1,G5030,S,943171468,11647334,44.9622004,-117.0595503,410019506001,Baker County,Block Group 1,1,1265,553,553,0,0,0,99,454,1.52,364,256,108,2.16,2,0,1,0,2,506,30,12,0,0,0,0,0,7,5,20,1,1,4,18,548,2,0,1,0,2,413,26,10,0,0,0,0,0,5,5,0,0,0,0,0,0,0,943171468,11647334,15,2.01869896059,259215.193792628,1907106157.76653
28,28,41,1,950100,2,410019501002,Block Group 2,G5030,S,192662201,12317,44.9562277,-118.0519082,410019501002,Baker County,Block Group 2,2,1252,864,864,0,0,0,188,676,11.61,412,369,43,2.34,14,0,0,0,11,762,35,42,0,0,0,0,15,15,12,31,5,11,2,52,821,11,0,0,0,11,601,30,23,0,0,0,0,7,6,10,0,0,0,0,0,0,0,192662201,12317,2,1.18891653889,153465.335424316,384757432.190143
29,29,41,1,950200,1,410019502001,Block Group 1,G5030,S,14690166,0,44.7764594,-117.8821056,410019502001,Baker County,Block Group 1,1,1254,1029,1029,0,0,0,201,828,181.42,457,423,34,2.43,4,5,2,0,0,934,43,41,0,0,0,0,8,15,18,24,9,7,1,41,1009,4,5,2,0,0,769,31,17,0,0,0,0,6,3,8,0,0,0,0,0,0,0,14690166,0,4,0.252312489467,32205.0809573456,29154716.916179
30,30,41,1,950100,1,410019501001,Block Group 1,G5030,S,2205984568,13837275,44.546804,-118.1781784,410019501001,Baker County,Block Group 1,1,1251,837,837,0,0,0,116,721,0.98,848,414,434,2.02,6,0,0,2,9,767,25,28,0,2,0,0,6,15,5,27,2,8,3,20,810,2,0,0,2,6,677,22,12,0,2,0,0,2,7,1,0,0,0,0,0,0,0,2205984568,13837275,1,3.54298942546,453979.522528532,4370480023.60763
31,31,41,1,950300,2,410019503002,Block Group 2,G5030,S,928775767,705256,44.6787169,-117.6616761,410019503002,Baker County,Block Group 2,2,1258,1197,1197,0,0,0,226,971,3.34,575,548,27,2.18,11,2,2,1,4,1055,55,67,1,0,2,1,15,26,22,43,10,11,6,58,1153,8,2,1,1,4,856,47,52,0,0,0,1,11,24,16,0,0,0,0,0,0,0,928775767,705256,8,1.70584704522,218114.894546639,1838460473.09201
32,32,41,1,950100,3,410019501003,Block Group 3,G5030,S,476751238,639439,44.8472102,-118.1087551,410019501003,Baker County,Block Group 3,3,1253,1143,1128,15,0,15,247,896,6.21,516,437,79,2.58,18,0,0,2,13,1023,41,46,0,0,0,0,6,14,26,46,4,10,3,50,1100,6,0,0,2,8,821,35,24,0,0,0,0,6,7,11,0,0,0,0,0,0,15,476751238,639439,3,1.46917239928,190933.109259631,949629935.889081
33,33,41,53,20304,1,410530203041,Block Group 1,G5030,S,1316826,0,44.8561225,-123.2344118,410530203041,Polk County,Block Group 1,1,3606,2131,1845,286,0,286,295,1836,4191.34,857,807,50,2.29,22,73,47,16,2,1496,144,331,8,4,0,0,125,112,82,88,146,83,29,211,1821,17,70,39,13,2,1315,124,256,5,3,0,0,99,86,63,0,0,0,0,277,0,9,1316826,0,2356,0.0668391737671,9203.08585323978,2620609.96888309
34,34,41,69,960100,2,410699601002,Block Group 2,G5030,S,3175497541,644439,44.6571828,-119.998107,410699601002,Wheeler County,Block Group 2,2,4160,809,798,11,0,11,142,667,0.66,557,390,167,2.05,2,5,1,0,0,708,46,47,5,0,0,0,20,7,15,43,22,11,9,40,764,2,2,0,0,0,600,36,27,0,0,0,0,13,6,8,0,0,0,0,11,0,0,3175497541,644439,2910,2.95247200055,394844.376639308,6273623845.85311
35,35,41,69,960100,1,410699601001,Block Group 1,G5030,S,1268977488,596594,44.9666052,-120.183114,410699601001,Wheeler County,Block Group 1,1,4159,642,642,0,0,0,92,550,1.31,378,296,82,2.17,15,3,0,0,1,548,38,37,4,1,0,0,3,8,21,51,11,9,7,30,610,7,3,0,0,1,490,26,23,0,1,0,0,3,8,11,0,0,0,0,0,0,0,1268977488,596594,2909,2.30867940536,287496.198616227,2534493365.12523
36,36,41,61,970100,1,410619701001,Block Group 1,G5030,S,809130952,391729,45.683175,-117.8763386,410619701001,Union County,Block Group 1,1,3721,775,775,0,0,0,130,645,2.48,391,320,71,2.42,3,4,2,0,2,702,44,18,2,0,0,0,2,10,4,21,8,5,0,31,758,3,4,2,0,0,587,35,14,0,0,0,0,2,10,2,0,0,0,0,0,0,0,809130952,391729,2471,1.72868535739,236119.471162566,1658078170.27355
37,37,41,61,970600,1,410619706001,Block Group 1,G5030,S,43637676,57855,45.2859527,-118.0909826,410619706001,Union County,Block Group 1,1,3736,1167,1133,34,26,8,246,921,69.26,513,484,29,2.34,6,26,4,17,2,1004,56,52,0,0,1,0,9,16,26,40,41,21,20,44,1099,5,20,1,10,2,811,39,33,0,0,1,0,8,9,15,0,1,25,0,0,0,8,43637676,57855,2486,0.339866773652,44798.3302218529,88244331.4695112
38,38,41,61,970300,2,410619703002,Block Group 2,G5030,S,191761830,519075,45.3061138,-117.844453,410619703002,Union County,Block Group 2,2,3729,1619,1619,0,0,0,385,1234,21.87,679,647,32,2.5,12,8,1,3,5,1455,73,62,2,0,0,0,11,19,30,64,18,4,7,57,1575,8,5,0,3,3,1126,47,42,2,0,0,0,10,7,23,0,0,0,0,0,0,0,191761830,519075,2479,1.03353515367,133659.438046339,388789951.677775
39,39,41,61,970400,1,410619704001,Block Group 1,G5030,S,104012181,0,45.4256613,-118.0538977,410619704001,Union County,Block Group 1,1,3730,865,865,0,0,0,175,690,21.54,358,340,18,2.54,3,2,0,3,1,774,48,34,0,0,1,1,10,9,13,30,5,12,6,36,841,3,1,0,1,1,626,36,22,0,0,1,1,9,2,9,0,0,0,0,0,0,0,104012181,0,2480,0.635227468422,85005.9439623205,211143610.50777
40,40,41,61,970400,2,410619704002,Block Group 2,G5030,S,4033272,0,45.3399271,-118.0691433,410619704002,Union County,Block Group 2,2,3731,1236,1227,9,0,9,299,937,793.7,537,516,21,2.38,10,6,9,5,2,1068,76,60,0,0,0,1,14,16,29,59,11,20,14,54,1189,10,4,9,5,2,835,38,34,0,0,0,1,9,8,16,0,0,0,0,0,0,9,4033272,0,2481,0.121641257634,15053.1754300603,8162858.81450274
41,41,41,61,970200,1,410619702001,Block Group 1,G5030,S,3871496,0,45.2105672,-117.8536765,410619702001,Union County,Block Group 1,1,3725,986,982,4,0,4,270,716,659.62,423,377,46,2.6,17,6,8,0,15,832,67,41,1,0,1,0,9,21,9,58,15,15,4,51,926,13,5,3,0,14,615,47,19,1,0,1,0,4,8,5,0,0,0,0,0,0,4,3871496,0,2475,0.132917802046,18546.6799420683,7800031.5041398
42,42,41,61,970300,1,410619703001,Block Group 1,G5030,S,302065993,0,45.4148175,-117.8544138,410619703001,Union County,Block Group 1,1,3728,660,660,0,0,0,126,534,5.66,299,264,35,2.5,4,2,1,8,6,578,46,15,1,0,0,1,4,3,6,25,9,7,15,25,632,1,0,0,4,6,478,34,11,0,0,0,1,3,2,5,0,0,0,0,0,0,0,302065993,0,2478,1.04840898401,138711.751193861,612956357.292878
43,43,41,61,970100,4,410619701004,Block Group 4,G5030,S,259438013,0,45.5758226,-118.042358,410619701004,Union County,Block Group 4,4,3724,675,675,0,0,0,142,533,6.74,312,279,33,2.42,7,1,0,0,2,591,56,18,0,0,1,0,3,7,7,26,5,3,1,44,660,7,1,0,0,0,473,37,15,0,0,1,0,3,4,7,0,0,0,0,0,0,0,259438013,0,2474,1.08059526243,151205.434245492,529456531.133557
44,44,41,61,970100,2,410619701002,Block Group 2,G5030,S,4081338,0,45.5761792,-117.9229936,410619701002,Union County,Block Group 2,2,3722,1195,1195,0,0,0,281,914,758.34,546,508,38,2.35,12,6,0,1,1,984,146,45,0,0,0,0,7,9,29,65,14,8,2,117,1166,9,1,0,0,0,781,102,21,0,0,0,0,3,4,14,0,0,0,0,0,0,0,4081338,0,2472,0.10835537235,14187.1740800444,8329175.4104367
45,45,41,61,970800,4,410619708004,Block Group 4,G5030,S,76568136,65633,45.3040809,-117.9991488,410619708004,Union County,Block Group 4,4,3746,1019,1009,10,0,10,231,788,34.47,427,410,17,2.46,7,11,0,27,10,886,30,48,0,0,2,0,17,21,8,25,20,4,31,36,945,2,9,0,15,5,718,19,20,0,0,2,0,7,6,5,0,0,0,0,0,0,10,76568136,65633,2496,0.429877001957,59025.2615044857,154902570.326302
46,46,41,61,970500,3,410619705003,Block Group 3,G5030,S,152860077,0,45.4006021,-118.1585373,410619705003,Union County,Block Group 3,3,3735,1243,1233,10,0,10,283,960,21.06,527,493,34,2.5,11,3,4,9,15,1074,71,56,0,1,1,0,17,15,22,52,17,19,10,68,1179,10,3,3,6,8,848,47,35,0,1,1,0,8,12,13,0,0,0,0,0,0,10,152860077,0,2485,0.674872177602,87444.7547079794,310030287.886555
47,47,41,61,970200,2,410619702002,Block Group 2,G5030,S,27462128,0,45.2263977,-117.8891815,410619702002,Union County,Block Group 2,2,3726,1333,1333,0,0,0,276,1057,125.72,601,563,38,2.37,5,6,1,0,2,1239,49,31,1,0,1,0,4,17,8,44,13,7,1,20,1310,2,4,0,0,2,983,38,28,1,0,1,0,3,16,7,0,0,0,0,0,0,0,27462128,0,2476,0.251514474606,33623.2554563929,55359481.669986
48,48,41,33,360602,3,410333606023,Block Group 3,G5030,S,1799618,0,42.4692971,-123.3434559,410333606023,Josephine County,Block Group 3,3,2216,1254,1036,218,218,0,221,1033,1804.74,436,402,34,2.58,4,17,8,0,7,1029,104,85,0,0,0,0,19,28,38,55,45,25,6,87,1195,3,17,2,0,7,891,57,56,0,0,0,0,14,14,28,0,0,218,0,0,0,0,1799618,0,966,0.0726258171038,9251.33472051442,3309441.03609913
49,49,41,33,360400,3,410333604003,Block Group 3,G5030,S,33750623,188744,42.4643742,-123.2558926,410333604003,Josephine County,Block Group 3,3,2205,998,998,0,0,0,144,854,76.59,482,438,44,2.28,5,18,3,0,6,848,66,52,2,0,0,1,12,27,10,44,37,8,6,42,949,5,18,3,0,5,735,54,34,2,0,0,1,8,16,7,0,0,0,0,0,0,0,33750623,188744,955,0.292238783709,38970.3366366263,62391277.0279773
50,50,41,33,361302,1,410333613021,Block Group 1,G5030,S,14205011,0,42.3648847,-123.3122502,410333613021,Josephine County,Block Group 1,1,2249,1314,1304,10,0,10,247,1067,239.58,538,506,32,2.58,24,12,1,0,7,1080,85,105,0,0,0,0,34,25,46,85,29,4,4,89,1235,19,12,0,0,2,898,64,72,0,0,0,0,29,17,26,0,0,0,0,0,0,10,14205011,0,999,0.180360501646,24272.6897513279,26036369.826446
51,51,41,33,361301,2,410333613012,Block Group 2,G5030,S,15605946,0,42.3634097,-123.351988,410333613012,Josephine County,Block Group 2,2,2248,1940,1935,5,0,5,391,1549,321.97,772,728,44,2.66,6,2,5,1,7,1647,135,137,2,0,4,0,29,50,52,84,26,25,6,113,1880,4,2,4,1,7,1341,88,102,2,0,2,0,25,37,36,0,0,0,0,0,0,5,15605946,0,998,0.197009364548,26756.4175680179,28602799.7709687
52,52,41,33,360601,1,410333606011,Block Group 1,G5030,S,1610571,0,42.4591335,-123.3239599,410333606011,Josephine County,Block Group 1,1,2211,1173,1164,9,9,0,224,949,1886.32,577,543,34,2.14,20,28,6,5,4,915,93,102,6,0,1,1,20,42,32,74,52,24,12,70,1075,8,24,5,1,4,771,67,69,5,0,1,0,13,31,19,0,9,0,0,0,0,0,1610571,0,961,0.0669789767583,8591.52610455592,2960843.58837816
53,53,41,33,360500,5,410333605005,Block Group 5,G5030,S,731869,0,42.4438753,-123.3039062,410333605005,Josephine County,Block Group 5,5,2210,1154,1136,18,9,9,269,885,4083.85,444,425,19,2.67,6,18,4,1,5,951,73,96,1,0,0,0,24,43,28,44,27,8,7,80,1094,3,15,4,1,5,755,45,57,0,0,0,0,19,20,18,0,0,9,0,0,0,9,731869,0,960,0.0515458472727,6779.8572864236,1344797.0433535
54,54,41,33,361202,2,410333612022,Block Group 2,G5030,S,1812001,0,42.4136232,-123.3445227,410333612022,Josephine County,Block Group 2,2,2246,1403,1369,34,23,11,303,1100,2005.38,552,531,21,2.58,5,12,5,9,7,1154,97,114,8,0,0,0,18,59,29,71,24,20,13,73,1336,3,11,5,6,5,937,59,74,8,0,0,0,17,33,16,0,12,11,0,0,0,11,1812001,0,996,0.092913369183,12483.2925388497,3326342.08255604
55,55,41,33,361601,3,410333616013,Block Group 3,G5030,S,44155819,74185,42.104149,-123.6445739,410333616013,Josephine County,Block Group 3,3,2257,965,965,0,0,0,150,815,56.6,507,416,91,2.32,10,3,0,0,5,852,41,54,0,0,0,0,12,28,14,40,15,3,2,30,935,7,2,0,0,5,728,33,40,0,0,0,0,11,20,9,0,0,0,0,0,0,0,44155819,74185,1007,0.322941623868,42263.550484545,80404435.3813528
56,56,41,33,360701,4,410333607014,Block Group 4,G5030,S,1052582,0,42.44379,-123.3562945,410333607014,Josephine County,Block Group 4,4,2220,652,646,6,0,6,125,527,1604.31,271,246,25,2.63,10,10,4,0,7,521,41,59,0,0,4,0,12,24,19,35,15,15,0,43,605,7,10,4,0,4,430,27,45,0,0,3,0,10,19,13,0,0,0,0,0,0,6,1052582,0,970,0.0782514874681,10142.4110306553,1934101.8963201
57,57,41,33,360704,1,410333607041,Block Group 1,G5030,S,1109267,84345,42.4283124,-123.3380269,410333607041,Josephine County,Block Group 1,1,2223,1060,1039,21,0,21,233,827,2474.96,471,442,29,2.35,14,13,4,5,7,842,82,93,3,0,0,0,25,30,35,70,19,14,10,79,988,14,11,3,5,7,662,63,62,3,0,0,0,18,18,23,0,0,0,0,0,0,21,1109267,84345,973,0.0717511206316,8467.61548317339,2192072.15622691
58,58,41,33,360704,2,410333607042,Block Group 2,G5030,S,1489343,132063,42.4273314,-123.3055807,410333607042,Josephine County,Block Group 2,2,2224,2240,2240,0,0,0,456,1784,3895.39,1000,941,59,2.38,21,28,9,2,10,1777,168,225,2,1,3,0,72,77,70,127,65,37,16,170,2085,19,27,4,2,9,1440,127,156,2,1,3,0,57,45,48,0,0,0,0,0,0,0,1489343,132063,974,0.0953386067586,11103.2041612389,2977782.68549121
59,59,41,33,361201,3,410333612013,Block Group 3,G5030,S,573711,135983,42.4230616,-123.3116143,410333612013,Josephine County,Block Group 3,3,2244,980,882,98,17,81,141,839,4424.16,498,476,22,1.85,14,9,9,1,26,710,65,146,14,3,1,0,45,34,49,62,27,34,6,122,852,10,6,8,1,21,645,48,100,7,0,0,0,34,25,34,0,0,17,0,0,0,81,573711,135983,994,0.0804094773429,9474.59253483083,1303250.07554395
60,60,41,33,361302,2,410333613022,Block Group 2,G5030,S,70010504,203468,42.3726611,-123.2627646,410333613022,Josephine County,Block Group 2,2,2250,2091,2085,6,0,6,315,1776,77.36,1000,921,79,2.26,37,15,14,0,9,1726,88,202,0,0,0,0,53,57,92,83,35,28,9,170,1958,35,15,8,0,9,1490,76,143,0,0,0,0,42,39,62,0,0,0,0,0,0,6,70010504,203468,1000,0.410504429265,56065.171578066,128715122.363721
61,61,41,7,950500,4,410079505004,Block Group 4,G5030,S,5311148,55453,46.174806,-123.9427387,410079505004,Clatsop County,Block Group 4,4,1617,2152,2124,28,0,28,496,1656,1049.43,897,862,35,2.46,8,41,16,8,15,1704,134,226,4,0,0,2,106,71,43,94,70,31,23,176,1949,5,40,13,6,11,1350,89,142,2,0,0,0,69,43,28,0,0,0,0,0,0,28,5311148,55453,367,0.103370914193,13904.2095761157,11187779.4533656
62,62,41,17,502,1,410170005021,Block Group 1,G5030,S,1625079934,14851164,44.0439864,-121.639724,410170005021,Deschutes County,Block Group 1,1,1807,1566,1566,0,0,0,248,1318,2.5,844,620,224,2.53,5,12,7,2,13,1370,85,72,2,0,0,0,9,15,46,41,30,18,12,92,1514,4,12,2,2,8,1176,66,48,2,0,0,0,9,9,28,0,0,0,0,0,0,0,1625079934,14851164,557,2.33489203137,301615.44237924,3174432644.76731
63,63,41,17,2101,2,410170021012,Block Group 2,G5030,S,1707082,0,44.0197962,-121.3225914,410170021012,Deschutes County,Block Group 2,2,1893,2306,2304,2,0,2,579,1727,3498.67,891,854,37,2.7,19,22,12,4,17,1607,147,478,13,0,7,0,243,68,147,101,69,37,19,421,1966,16,17,11,4,12,1266,102,299,3,0,0,0,151,41,104,0,0,0,0,0,0,2,1707082,0,643,0.0707150258903,9441.93322387591,3302030.80617458
64,64,41,17,2102,1,410170021021,Block Group 1,G5030,S,3599249,190676,44.0245972,-121.3449735,410170021021,Deschutes County,Block Group 1,1,1895,2388,2052,336,336,0,392,1996,1718.38,1268,896,372,2.29,7,35,3,2,13,2138,96,94,0,3,1,0,16,27,47,29,72,7,8,111,2305,3,30,3,1,13,1826,64,56,0,3,0,0,16,16,21,0,0,336,0,0,0,0,3599249,190676,645,0.130455463334,16722.5014683384,7332880.9150382
65,65,41,17,701,2,410170007012,Block Group 2,G5030,S,28807779,0,44.2930562,-121.1347498,410170007012,Deschutes County,Block Group 2,2,1816,3216,3183,33,0,33,818,2398,289.14,1169,1146,23,2.78,31,23,17,10,15,2453,155,512,12,1,0,0,211,130,158,151,40,30,21,408,2892,28,11,13,10,8,1911,114,303,8,1,0,0,129,80,85,0,0,0,0,0,0,33,28807779,0,566,0.235923344781,31773.5116718453,56238154.9952465
66,66,41,17,401,3,410170004013,Block Group 3,G5030,S,104345606,0,43.9225866,-121.35344,410170004013,Deschutes County,Block Group 3,3,1801,1457,1449,8,0,8,290,1167,36.16,575,531,44,2.73,11,8,2,0,11,1208,70,147,4,0,1,1,37,39,65,48,26,9,14,127,1382,7,8,2,0,7,1007,45,91,4,0,0,0,29,23,35,0,0,0,0,0,0,8,104345606,0,551,0.528391635765,70458.3028740707,201182220.783598
67,67,41,17,403,1,410170004031,Block Group 1,G5030,S,35682365,863727,43.9021221,-121.4497991,410170004031,Deschutes County,Block Group 1,1,1802,1816,1816,0,0,0,108,1708,131.81,3859,925,2934,1.96,0,14,5,0,5,1689,42,61,0,0,0,0,15,14,32,18,26,14,2,66,1774,0,11,5,0,5,1615,34,38,0,0,0,0,6,10,22,0,0,0,0,0,0,0,35682365,863727,552,0.293866084857,40155.8008551925,70420136.7710179
68,68,41,17,1701,2,410170017012,Block Group 2,G5030,S,1093581,0,44.072204,-121.2683221,410170017012,Deschutes County,Block Group 2,2,1871,746,746,0,0,0,124,622,1766.79,374,345,29,2.16,3,8,1,6,6,603,40,79,2,0,0,0,20,27,30,27,15,7,9,65,700,3,3,1,6,4,519,29,57,2,0,0,0,17,16,22,0,0,0,0,0,0,0,1093581,0,621,0.0490687374912,6560.23515379082,2119051.30704214
69,69,41,17,201,2,410170002012,Block Group 2,G5030,S,56610251,0,43.6670881,-121.4803493,410170002012,Deschutes County,Block Group 2,2,1788,1882,1832,50,0,50,369,1513,86.1,911,778,133,2.35,18,42,3,4,5,1564,154,92,4,2,0,0,25,27,34,104,67,12,9,110,1774,17,30,2,4,5,1278,114,63,4,2,0,0,20,14,23,0,0,0,0,0,0,50,56610251,0,538,0.401401024762,55188.7111963585,108223776.54304
70,70,41,17,1801,2,410170018012,Block Group 2,G5030,S,1029446,0,44.0603413,-121.269119,410170018012,Deschutes County,Block Group 2,2,1876,1758,1667,91,91,0,264,1494,4422.96,1037,887,150,1.88,13,31,9,2,18,1374,96,215,17,0,0,0,91,39,68,85,45,32,13,198,1569,12,28,6,2,16,1223,58,149,12,0,0,0,74,16,47,0,0,91,0,0,0,0,1029446,0,626,0.0435015792322,5753.39011529016,1993975.60420649
71,71,41,17,1401,2,410170014012,Block Group 2,G5030,S,2279223,0,44.0495669,-121.3398924,410170014012,Deschutes County,Block Group 2,2,1857,2542,2449,93,6,87,517,2025,2888.59,1133,1022,111,2.4,12,28,13,5,20,2201,151,112,0,2,4,0,11,23,72,44,113,32,25,133,2439,12,23,9,5,7,1781,100,88,0,2,4,0,9,14,59,0,6,0,0,87,0,0,2279223,0,607,0.0726378929247,9418.0818494609,4413131.34310668
72,72,41,17,1402,1,410170014021,Block Group 1,G5030,S,1493352,90979,44.0467174,-121.3261423,410170014021,Deschutes County,Block Group 1,1,1859,673,673,0,0,0,110,563,1167.21,429,290,139,2.32,2,9,1,1,2,579,47,32,0,0,2,0,1,18,11,20,22,10,3,30,653,0,9,1,1,2,489,34,27,0,0,0,0,1,16,10,0,0,0,0,0,0,0,1493352,90979,609,0.068431169719,9034.90546408436,3067430.74839704
73,73,41,17,404,1,410170004041,Block Group 1,G5030,S,19103591,0,43.846064,-121.4854592,410170004041,Deschutes County,Block Group 1,1,1803,1893,1893,0,0,0,311,1582,256.65,1205,820,385,2.31,13,21,6,0,6,1650,109,88,4,0,0,0,10,25,49,76,43,15,4,95,1830,13,16,6,0,5,1407,73,62,3,0,0,0,9,20,30,0,0,0,0,0,0,0,19103591,0,553,0.276914331649,35672.9829359177,36738538.7184323
74,74,41,17,1102,1,410170011021,Block Group 1,G5030,S,25203606,0,44.1430291,-121.3004532,410170011021,Deschutes County,Block Group 1,1,1842,2026,1989,37,0,37,407,1619,208.2,819,758,61,2.62,10,4,3,1,5,1761,102,140,0,0,0,0,37,43,60,67,20,12,10,121,1963,9,3,1,0,5,1429,85,87,0,0,0,0,30,20,37,0,0,0,0,0,0,37,25203606,0,592,0.279991428186,37556.4341017389,48953773.5943642
75,75,41,17,800,5,410170008005,Block Group 5,G5030,S,4821252,0,44.3044727,-121.1911669,410170008005,Deschutes County,Block Group 5,5,1824,2726,2716,10,6,4,518,2208,1464.41,1089,1073,16,2.53,10,40,11,3,5,2316,136,205,9,0,0,0,73,47,76,71,84,24,13,185,2573,8,33,11,3,5,1918,89,141,3,0,0,0,59,33,46,0,0,6,0,0,0,4,4821252,0,574,0.102913146962,13918.4973378777,9415615.01980057
76,76,41,17,902,2,410170009022,Block Group 2,G5030,S,1087242,0,44.2645005,-121.1880187,410170009022,Deschutes County,Block Group 2,2,1828,1494,1480,14,0,14,369,1125,3558.95,640,610,30,2.43,19,12,11,9,7,1189,95,152,2,1,2,0,54,50,43,64,35,25,20,121,1375,14,12,3,6,1,933,52,104,1,1,0,0,42,31,29,0,0,0,0,0,0,14,1087242,0,578,0.0516215007263,6709.7225919892,2120454.85719343
77,77,41,17,2101,3,410170021013,Block Group 3,G5030,S,4194280,0,44.0025153,-121.3444055,410170021013,Deschutes County,Block Group 3,3,1894,1383,1364,19,0,19,311,1072,854.01,553,534,19,2.55,3,6,2,11,6,1150,60,145,4,0,0,0,53,28,60,32,29,15,19,123,1296,3,3,0,6,5,927,37,91,3,0,0,0,39,18,31,0,0,0,0,0,0,19,4194280,0,644,0.137597921282,18022.8776116478,8108355.56434624
78,78,41,17,2001,1,410170020011,Block Group 1,G5030,S,4692540,0,44.0011305,-121.3036849,410170020011,Deschutes County,Block Group 1,1,1888,1132,1132,0,0,0,161,971,624.79,536,512,24,2.21,11,13,2,1,0,972,53,80,4,0,1,0,14,14,47,49,28,5,9,73,1082,5,11,2,0,0,858,35,60,2,0,1,0,6,12,39,0,0,0,0,0,0,0,4692540,0,638,0.145977650611,18969.0446927644,9071155.18798766
79,79,41,17,401,2,410170004012,Block Group 2,G5030,S,2945168,23461,43.9878809,-121.3559724,410170004012,Deschutes County,Block Group 2,2,1800,1717,1717,0,0,0,357,1360,1509.93,642,630,12,2.73,22,13,11,0,14,1374,117,166,1,0,0,0,64,41,60,74,35,23,10,169,1591,18,9,8,0,14,1110,86,115,1,0,0,0,50,21,43,0,0,0,0,0,0,0,2945168,23461,550,0.0997778410883,12776.3440673445,5736287.35758312
80,80,41,17,800,3,410170008003,Block Group 3,G5030,S,1538924,0,44.2779216,-121.1668073,410170008003,Deschutes County,Block Group 3,3,1822,792,786,6,0,6,168,624,1332.93,354,318,36,2.47,13,7,2,0,6,588,52,124,5,1,0,0,50,29,39,40,16,15,4,109,705,11,7,2,0,5,485,39,75,3,0,0,0,34,14,24,0,0,0,0,0,0,6,1538924,0,572,0.0556619344783,7205.23690629788,3002721.24134184
81,81,41,17,1003,3,410170010033,Block Group 3,G5030,S,10941234,0,44.2873348,-121.2291312,410170010033,Deschutes County,Block Group 3,3,1833,737,737,0,0,0,130,607,174.46,285,267,18,2.76,1,0,1,0,1,649,43,42,1,0,0,0,14,13,14,30,3,4,10,42,715,1,0,1,0,1,547,30,27,0,0,0,0,14,3,10,0,0,0,0,0,0,0,10941234,0,583,0.200554042,26124.2316450913,21355196.665845
82,82,41,17,1005,2,410170010052,Block Group 2,G5030,S,11910766,0,44.247129,-121.2361948,410170010052,Deschutes County,Block Group 2,2,1838,870,870,0,0,0,181,689,189.18,339,324,15,2.69,1,0,0,2,3,786,23,55,0,0,3,0,11,13,28,21,5,6,4,41,849,1,0,0,2,3,628,18,37,0,0,2,0,11,11,13,0,0,0,0,0,0,0,11910766,0,588,0.21962798655,28698.4184141146,23215973.5479198
83,83,41,17,901,1,410170009011,Block Group 1,G5030,S,12464066,1879,44.2537343,-121.162725,410170009011,Deschutes County,Block Group 1,1,1825,2452,2436,16,10,6,596,1856,509.52,1016,951,65,2.56,15,54,25,4,5,1802,142,405,8,0,0,0,177,86,134,83,87,44,26,350,2152,12,54,15,2,4,1447,80,242,6,0,0,0,111,47,78,0,0,10,0,0,0,6,12464066,1879,575,0.212301718531,26833.7807860285,24304203.3095066
84,84,41,17,902,1,410170009021,Block Group 1,G5030,S,1145335,0,44.2721962,-121.1911049,410170009021,Deschutes County,Block Group 1,1,1827,1679,1679,0,0,0,410,1269,3796.78,677,640,37,2.62,13,10,1,5,3,1278,119,250,6,4,2,0,91,85,62,68,46,13,13,185,1539,8,10,0,3,2,999,78,169,6,4,0,0,66,53,40,0,0,0,0,0,0,0,1145335,0,577,0.0599710401754,7482.71589992831,2234328.96095676
85,85,41,17,1005,1,410170010051,Block Group 1,G5030,S,50571218,0,44.2247182,-121.1607274,410170010051,Deschutes County,Block Group 1,1,1837,3562,3544,18,18,0,658,2904,182.43,1644,1489,155,2.38,26,44,9,3,15,3064,159,242,0,2,0,0,55,81,104,99,93,24,12,206,3406,15,33,5,3,12,2566,115,155,0,2,0,0,37,47,69,0,0,18,0,0,0,0,50571218,0,587,0.434375123142,56912.6307676247,98496771.7957253
86,86,41,17,1004,2,410170010042,Block Group 2,G5030,S,1498830,0,44.2636545,-121.2121758,410170010042,Deschutes County,Block Group 2,2,1835,1942,1942,0,0,0,557,1385,3355.79,734,702,32,2.77,7,21,9,2,4,1504,117,278,20,2,0,0,122,66,68,77,63,25,10,213,1754,6,20,8,2,4,1129,70,146,14,2,0,0,75,23,32,0,0,0,0,0,0,0,1498830,0,585,0.0536501441527,6913.22102107072,2923087.01679718
87,87,41,17,702,1,410170007021,Block Group 1,G5030,S,43835930,41190,44.3591113,-121.1444943,410170007021,Deschutes County,Block Group 1,1,1817,1676,1676,0,0,0,301,1375,99.02,698,633,65,2.65,20,9,4,3,8,1411,134,87,2,1,0,0,22,27,35,68,26,12,8,133,1607,17,6,4,3,6,1182,94,63,2,1,0,0,21,15,24,0,0,0,0,0,0,0,43835930,41190,567,0.302791619334,40324.265947652,85839909.1760425
88,88,41,17,702,2,410170007022,Block Group 2,G5030,S,28385257,139429,44.343699,-121.2469832,410170007022,Deschutes County,Block Group 2,2,1818,1316,1316,0,0,0,197,1119,120.08,604,558,46,2.36,9,5,3,0,12,1175,47,65,0,2,0,0,11,22,30,33,20,14,5,56,1274,7,2,1,0,10,1032,33,34,0,2,0,0,9,10,13,0,0,0,0,0,0,0,28385257,139429,568,0.375944095343,47605.9204925597,55766067.7573395
89,89,41,17,1003,1,410170010031,Block Group 1,G5030,S,1868121,0,44.2779202,-121.2009887,410170010031,Deschutes County,Block Group 1,1,1831,3614,3614,0,0,0,875,2739,5010.5,1430,1382,48,2.62,28,50,21,5,11,2850,200,449,16,1,4,0,143,116,169,148,117,42,33,356,3327,21,47,9,3,10,2234,139,276,14,1,0,0,97,67,97,0,0,0,0,0,0,0,1868121,0,581,0.0683652245878,8875.94067962342,3645056.83592483
90,90,41,17,201,1,410170002011,Block Group 1,G5030,S,36959008,0,43.6528786,-121.5454908,410170002011,Deschutes County,Block Group 1,1,1787,1448,1390,58,0,58,243,1205,101.47,807,608,199,2.29,13,11,6,3,17,1224,96,78,4,0,0,0,7,31,36,75,22,23,8,73,1383,13,10,4,3,8,1059,61,47,4,0,0,0,7,15,21,0,0,0,0,0,0,58,36959008,0,537,0.524779112725,67593.5036793999,70622606.2792155
91,91,41,17,1904,3,410170019043,Block Group 3,G5030,S,13501407,0,44.0114029,-121.2619141,410170019043,Deschutes County,Block Group 3,3,1887,2020,2020,0,0,0,472,1548,387.5,792,749,43,2.7,13,26,9,1,16,1757,92,106,3,3,0,0,20,26,54,50,67,17,3,109,1928,6,25,2,1,13,1361,66,74,3,3,0,0,15,14,39,0,0,0,0,0,0,0,13501407,0,637,0.202343336079,27930.3869392081,26108595.2882981
92,92,41,17,202,2,410170002022,Block Group 2,G5030,S,572428718,66252592,43.6941532,-121.7930768,410170002022,Deschutes County,Block Group 2,2,1790,1302,1302,0,0,0,157,1145,5.89,888,580,308,2.24,12,5,3,2,1,1146,73,60,1,0,2,0,6,27,24,57,18,10,7,47,1266,12,5,3,2,1,1011,60,51,1,0,2,0,6,23,19,0,0,0,0,0,0,0,572428718,66252592,540,1.44058385801,178256.245294192,1222564937.15102
93,93,41,17,1101,2,410170011012,Block Group 2,G5030,S,2016293,0,44.0898474,-121.2883722,410170011012,Deschutes County,Block Group 2,2,1840,2385,2385,0,0,0,586,1799,3063.6,982,959,23,2.49,11,50,22,4,6,1884,182,226,0,1,0,0,50,60,115,92,103,42,22,209,2237,7,43,15,0,3,1469,128,134,0,0,0,0,38,40,56,0,0,0,0,0,0,0,2016293,0,590,0.0660850862838,8805.21725029506,3909314.61827388
94,94,41,17,901,2,410170009012,Block Group 2,G5030,S,880165,0,44.2582003,-121.1909074,410170009012,Deschutes County,Block Group 2,2,1826,1973,1972,1,0,1,467,1506,5805.78,855,827,28,2.38,14,34,15,1,2,1470,114,323,7,0,0,0,135,94,87,75,58,25,7,257,1763,11,34,12,1,2,1187,80,179,5,0,0,0,84,44,46,0,0,0,0,0,0,1,880165,0,576,0.0591072507154,7478.79193473913,1716220.10636219
95,95,41,17,1102,3,410170011023,Block Group 3,G5030,S,11786481,0,44.0938245,-121.3539719,410170011023,Deschutes County,Block Group 3,3,1844,2399,2399,0,0,0,485,1914,527.16,1024,928,96,2.59,6,46,2,4,13,2149,99,80,0,0,0,0,9,28,43,44,86,8,12,85,2317,4,43,1,3,13,1727,64,59,0,0,0,0,7,22,30,0,0,0,0,0,0,0,11786481,0,594,0.198351293729,26070.0100125421,22855418.3562913
96,96,41,17,1004,3,410170010043,Block Group 3,G5030,S,1426009,0,44.2540006,-121.2100014,410170010043,Deschutes County,Block Group 3,3,1836,2634,2634,0,0,0,640,1994,4784.0,960,941,19,2.8,12,13,11,3,4,2072,128,391,16,0,1,0,114,108,152,88,43,41,9,291,2454,9,12,11,2,4,1625,82,249,11,0,0,0,81,70,87,0,0,0,0,0,0,0,1426009,0,586,0.0680208542174,8479.09765087021,2780160.17551904
97,97,41,17,702,3,410170007023,Block Group 3,G5030,S,37037193,86394,44.3720858,-121.2419247,410170007023,Deschutes County,Block Group 3,3,1819,1644,1644,0,0,0,284,1360,114.96,723,654,69,2.51,11,3,4,0,14,1423,94,95,5,2,0,0,10,36,42,75,21,16,5,82,1589,8,1,4,0,5,1204,68,70,5,2,0,0,10,26,27,0,0,0,0,0,0,0,37037193,86394,569,0.354136112928,43998.3093861354,72665994.6081664
98,98,41,17,800,4,410170008004,Block Group 4,G5030,S,1314704,0,44.2842484,-121.1839764,410170008004,Deschutes County,Block Group 4,4,1823,2113,2109,4,0,4,512,1601,4162.64,825,791,34,2.67,7,17,5,1,16,1565,116,386,17,1,0,0,124,58,186,84,52,16,3,349,1919,5,14,5,1,11,1228,77,260,13,0,0,0,95,34,118,0,0,0,0,0,0,4,1314704,0,573,0.0510590912476,7000.15516735336,2565778.80196648
99,99,41,17,601,1,410170006011,Block Group 1,G5030,S,173962779,142012,44.3317589,-121.3738889,410170006011,Deschutes County,Block Group 1,1,1810,1766,1758,8,0,8,255,1511,26.29,826,728,98,2.41,17,13,3,1,10,1553,79,90,12,2,0,0,13,15,48,70,22,8,2,100,1694,15,13,1,0,10,1336,62,74,11,2,0,0,13,13,35,0,0,0,0,0,0,8,173962779,142012,560,0.801478041625,98671.1708048722,340342548.02403
100,100,41,17,1003,2,410170010032,Block Group 2,G5030,S,5703325,0,44.3003491,-121.2072351,410170010032,Deschutes County,Block Group 2,2,1832,1724,1719,5,5,0,426,1298,782.9,617,602,15,2.86,7,20,6,4,6,1382,61,238,5,0,0,0,94,57,82,44,49,11,15,185,1579,7,18,2,4,5,1073,36,153,4,0,0,0,72,39,38,0,0,5,0,0,0,0,5703325,0,582,0.13288825487,17844.9850490619,11136691.2766817
101,101,41,17,1302,2,410170013022,Block Group 2,G5030,S,2804671,0,44.0722272,-121.3424867,410170013022,Deschutes County,Block Group 2,2,1853,2173,2135,38,0,38,322,1851,2006.67,1097,1019,78,2.1,0,24,12,6,4,1926,111,90,2,0,2,1,13,32,40,29,85,27,15,74,2102,0,24,10,6,4,1652,78,77,2,0,2,1,12,27,33,0,0,0,0,38,0,0,2804671,0,603,0.0954567931433,12431.0605663749,5434658.36416411
102,102,41,17,603,1,410170006031,Block Group 1,G5030,S,67551193,0,44.2428833,-121.2994621,410170006031,Deschutes County,Block Group 1,1,1813,2910,2909,1,1,0,221,2689,111.57,2270,1343,927,2.17,11,26,8,5,16,2652,104,88,2,2,1,0,19,15,49,44,60,15,13,121,2816,9,26,5,5,14,2474,88,68,0,2,1,0,13,12,40,0,0,1,0,0,0,0,67551193,0,563,0.375693858604,50028.1485322747,131649168.791621
103,103,41,17,1102,2,410170011022,Block Group 2,G5030,S,8294591,0,44.108251,-121.3228986,410170011022,Deschutes County,Block Group 2,2,1843,1960,1748,212,174,38,364,1596,612.01,768,722,46,2.42,16,25,16,2,2,1687,72,140,4,0,3,0,36,36,61,48,52,32,15,111,1851,16,20,9,2,0,1389,48,112,3,0,3,0,28,30,48,164,10,0,0,0,0,38,8294591,0,593,0.177287631021,24610.4259730057,16092004.1467165
104,104,41,17,302,3,410170003023,Block Group 3,G5030,S,24110136,0,43.7303928,-121.5543475,410170003023,Deschutes County,Block Group 3,3,1798,1799,1799,0,0,0,285,1514,193.25,921,746,175,2.41,28,14,7,2,10,1518,139,81,3,0,0,0,13,28,37,116,39,15,17,91,1706,26,14,7,2,10,1304,104,47,0,0,0,0,7,11,29,0,0,0,0,0,0,0,24110136,0,548,0.237566225409,30114.4376954975,46188885.0695624
105,105,41,17,202,1,410170002021,Block Group 1,G5030,S,142230262,0,43.8000039,-121.6073083,410170002021,Deschutes County,Block Group 1,1,1789,499,499,0,0,0,30,469,9.09,400,248,152,2.01,2,4,0,1,0,451,26,15,2,0,1,0,0,5,7,17,10,2,2,16,489,2,4,0,1,0,423,25,14,2,0,1,0,0,4,7,0,0,0,0,0,0,0,142230262,0,539,0.727596638701,91067.6066220436,273107371.540764
106,106,41,17,302,1,410170003021,Block Group 1,G5030,S,18081266,0,43.7563587,-121.5115578,410170003021,Deschutes County,Block Group 1,1,1796,1824,1824,0,0,0,312,1512,261.27,934,735,199,2.48,15,11,5,0,12,1587,120,74,0,0,0,1,23,16,34,90,30,11,12,85,1753,11,9,5,0,12,1336,92,47,0,0,0,0,16,9,22,0,0,0,0,0,0,0,18081266,0,546,0.315001637256,40072.9057303672,34668948.8526925
107,107,41,17,302,2,410170003022,Block Group 2,G5030,S,8086898,0,43.718464,-121.5103489,410170003022,Deschutes County,Block Group 2,2,1797,1337,1337,0,0,0,202,1135,428.2,643,541,102,2.47,25,1,0,0,1,1136,103,71,2,0,0,0,20,17,32,78,11,2,4,102,1285,18,1,0,0,1,985,86,44,0,0,0,0,11,10,23,0,0,0,0,0,0,0,8086898,0,547,0.187205597349,23903.7161114612,15486309.0723949
108,108,41,17,202,3,410170002023,Block Group 3,G5030,S,9058577,0,43.6911962,-121.52704,410170002023,Deschutes County,Block Group 3,3,1791,817,817,0,0,0,120,697,233.59,527,343,184,2.38,5,1,1,2,5,722,53,28,1,0,0,0,3,16,8,44,5,4,2,26,799,5,1,1,2,5,610,48,25,1,0,0,0,3,13,8,0,0,0,0,0,0,0,9058577,0,541,0.230567438928,29534.9898246357,17331393.4351805
109,109,41,17,1004,1,410170010041,Block Group 1,G5030,S,818512,0,44.2644904,-121.1998349,410170010041,Deschutes County,Block Group 1,1,1834,2450,2445,5,0,5,663,1787,7752.45,880,853,27,2.87,32,36,20,3,11,1688,119,541,15,1,6,0,256,113,150,105,68,54,17,426,2063,25,26,14,3,8,1294,72,345,10,1,4,0,169,60,101,0,0,0,0,0,0,5,818512,0,584,0.0416963719861,5600.42769022233,1596349.15970251
110,110,41,17,1101,3,410170011013,Block Group 3,G5030,S,3650602,0,44.1011895,-121.2857245,410170011013,Deschutes County,Block Group 3,3,1841,3098,3091,7,0,7,852,2246,2197.93,1126,1074,52,2.88,13,49,24,1,18,2511,202,280,5,1,0,0,72,72,130,137,106,46,21,246,2909,8,42,14,0,9,1886,117,170,0,0,0,0,46,44,80,0,0,0,0,0,0,7,3650602,0,591,0.107546301413,14726.6505206826,7079617.38157128
111,111,41,17,1701,1,410170017011,Block Group 1,G5030,S,1222571,0,44.0725779,-121.2587366,410170017011,Deschutes County,Block Group 1,1,1870,2880,2858,22,0,22,637,2243,6101.21,1213,1180,33,2.42,21,48,5,1,11,2321,166,307,14,0,1,0,97,86,109,109,74,19,5,284,2681,13,44,0,1,6,1870,119,190,9,0,0,0,63,59,59,0,0,0,0,0,0,22,1222571,0,620,0.0474961416276,6477.11402104562,2369028.6603217
112,112,41,17,1601,1,410170016011,Block Group 1,G5030,S,1392857,46843,44.0716991,-121.3043272,410170016011,Deschutes County,Block Group 1,1,1866,964,943,21,0,21,140,824,1792.54,621,500,121,1.89,5,6,6,2,1,725,54,165,5,0,0,2,68,35,55,26,36,17,8,129,865,5,5,6,2,1,646,36,123,5,0,0,0,48,28,42,0,0,0,0,0,0,21,1392857,46843,616,0.0600499335769,7963.25162038181,2789683.89759019
113,113,41,17,1602,1,410170016021,Block Group 1,G5030,S,1505551,12769,44.058442,-121.3032037,410170016021,Deschutes County,Block Group 1,1,1868,782,756,26,0,26,117,665,1345.27,415,386,29,1.96,6,12,3,2,0,592,64,103,0,0,0,0,35,23,45,39,38,10,6,95,718,4,11,3,2,0,520,44,81,0,0,0,0,27,19,35,0,0,0,0,0,0,26,1505551,12769,618,0.0716222391175,9031.81293383776,2940742.87320655
114,114,41,17,1101,1,410170011011,Block Group 1,G5030,S,3217918,0,44.0922483,-121.2707221,410170011011,Deschutes County,Block Group 1,1,1839,2564,2556,8,0,8,702,1862,2063.67,931,906,25,2.82,11,52,21,3,11,2115,154,197,1,1,2,0,68,48,77,59,119,55,19,190,2385,8,36,8,2,5,1599,87,117,1,0,0,0,47,21,48,0,0,0,0,0,0,8,3217918,0,589,0.0839357795792,11114.4463455175,6239604.15816565
115,115,41,17,2002,1,410170020021,Block Group 1,G5030,S,2091392,0,44.0307494,-121.3000882,410170020021,Deschutes County,Block Group 1,1,1889,3288,3288,0,0,0,783,2505,4071.87,1367,1295,72,2.54,20,93,15,0,18,2626,217,299,7,3,1,0,85,91,112,111,168,47,13,259,3046,16,74,13,0,14,2047,139,202,6,3,1,0,52,69,71,0,0,0,0,0,0,0,2091392,0,639,0.0688882184453,8920.05225433527,4046884.02146568
116,116,41,17,1601,2,410170016012,Block Group 2,G5030,S,1353241,0,44.0748673,-121.2920059,410170016012,Deschutes County,Block Group 2,2,1867,3751,3732,19,0,19,712,3039,7179.09,1723,1657,66,2.25,22,53,19,19,31,2867,228,512,12,2,8,0,167,148,175,110,116,65,44,429,3406,18,45,19,13,17,2408,155,364,12,2,5,0,128,106,111,0,0,0,0,0,0,19,1353241,0,617,0.0643467453273,8381.67465814197,2622428.95442546
117,117,41,17,602,2,410170006022,Block Group 2,G5030,S,40337146,0,44.1388638,-121.3605665,410170006022,Deschutes County,Block Group 2,2,1812,1484,1484,0,0,0,268,1216,95.29,631,579,52,2.56,12,4,1,2,10,1338,58,59,0,0,1,0,9,16,33,35,23,4,7,66,1445,12,4,1,1,7,1107,38,46,0,0,1,0,7,10,28,0,0,0,0,0,0,0,40337146,0,562,0.422782237487,56371.4720930863,78337164.4859151
118,118,41,17,701,1,410170007011,Block Group 1,G5030,S,2578812,0,44.3019602,-121.1720104,410170007011,Deschutes County,Block Group 1,1,1815,1169,1165,4,0,4,340,829,1174.07,404,392,12,2.97,4,5,7,0,2,915,86,150,10,0,0,0,67,41,32,46,29,10,8,129,1072,4,3,7,0,1,670,56,88,5,0,0,0,41,22,20,0,0,0,0,0,0,4,2578812,0,565,0.068902964894,9538.31866870739,5035837.1680248
119,119,41,17,1401,3,410170014013,Block Group 3,G5030,S,5806431,0,44.0437962,-121.3637311,410170014013,Deschutes County,Block Group 3,3,1858,1488,1488,0,0,0,258,1230,663.73,806,661,145,2.25,6,19,0,1,1,1364,59,38,1,0,0,0,4,10,23,17,39,4,5,59,1456,6,16,0,1,1,1143,40,23,0,0,0,0,2,6,15,0,0,0,0,0,0,0,5806431,0,608,0.111234487798,13943.3844384343,11240493.6320417
120,120,41,17,1802,3,410170018023,Block Group 3,G5030,S,1421404,0,44.0439981,-121.2743811,410170018023,Deschutes County,Block Group 3,3,1880,1907,1907,0,0,0,340,1567,3474.81,802,776,26,2.46,8,33,15,7,12,1563,117,152,1,1,0,0,29,63,58,59,74,34,26,114,1790,5,29,7,5,12,1336,82,91,1,1,0,0,22,33,34,0,0,0,0,0,0,0,1421404,0,630,0.0614289172509,8006.70279882846,2751671.14991625
121,121,41,17,2103,2,410170021032,Block Group 2,G5030,S,2540952,54855,44.0106468,-121.3511787,410170021032,Deschutes County,Block Group 2,2,1897,2732,2732,0,0,0,613,2119,2784.72,1122,1068,54,2.56,11,52,9,1,21,2344,132,162,9,1,0,1,51,34,66,68,102,25,9,163,2575,10,46,7,0,19,1862,67,108,9,0,0,0,37,20,42,0,0,0,0,0,0,0,2540952,54855,647,0.098476056726,12611.3061451298,5019798.41442112
122,122,41,17,301,1,410170003011,Block Group 1,G5030,S,53686234,0,43.7999226,-121.4459834,410170003011,Deschutes County,Block Group 1,1,1792,1724,1724,0,0,0,318,1406,83.17,838,676,162,2.55,18,5,1,3,6,1500,107,84,0,0,2,1,18,38,25,65,48,12,5,65,1670,12,5,1,3,5,1250,74,56,0,0,0,1,13,26,16,0,0,0,0,0,0,0,53686234,0,542,0.435896853893,54269.035596044,103086893.151406
123,123,41,17,1903,2,410170019032,Block Group 2,G5030,S,1659877,0,44.0610205,-121.2523764,410170019032,Deschutes County,Block Group 2,2,1883,2033,1995,38,38,0,374,1659,3172.19,954,866,88,2.3,3,33,5,5,12,1663,135,177,2,2,1,0,75,50,47,63,70,19,16,167,1893,3,23,4,5,12,1386,106,120,2,2,0,0,56,33,27,0,0,38,0,0,0,0,1659877,0,633,0.0629652925648,7992.78381330463,3215161.18147919
124,124,41,17,1903,3,410170019033,Block Group 3,G5030,S,1204817,0,44.0541555,-121.2579956,410170019033,Deschutes County,Block Group 3,3,1884,1892,1884,8,8,0,336,1556,4067.22,946,913,33,2.06,9,50,12,0,12,1508,80,221,8,1,0,0,49,70,93,63,75,31,7,160,1750,9,41,12,0,9,1272,55,158,6,1,0,0,34,56,61,0,0,8,0,0,0,0,1204817,0,634,0.0753158876142,9193.90025833145,2333178.57662391
125,125,41,17,2002,3,410170020023,Block Group 3,G5030,S,2178609,0,44.022632,-121.2884411,410170020023,Deschutes County,Block Group 3,3,1891,2390,2390,0,0,0,586,1804,2841.3,959,937,22,2.55,17,34,12,0,13,1766,124,424,0,0,1,0,215,59,149,77,70,34,11,391,2094,14,29,5,0,13,1408,68,267,0,0,1,0,132,32,102,0,0,0,0,0,0,0,2178609,0,641,0.0746360630687,10750.9399840089,4214516.4587243
126,126,41,17,1501,3,410170015013,Block Group 3,G5030,S,602464,0,44.0408766,-121.2970766,410170015013,Deschutes County,Block Group 3,3,1863,1204,1198,6,0,6,261,943,5175.99,524,494,30,2.43,7,23,12,1,2,943,70,146,0,1,0,0,68,35,42,54,42,23,3,115,1089,7,20,8,1,2,760,49,96,0,1,0,0,44,24,27,0,0,0,0,0,0,6,602464,0,613,0.0385144510856,4830.65509739715,1166176.52984847
127,127,41,17,301,3,410170003013,Block Group 3,G5030,S,20757398,0,43.7417248,-121.4668192,410170003013,Deschutes County,Block Group 3,3,1794,920,920,0,0,0,162,758,114.79,436,385,51,2.39,2,4,2,1,9,796,58,48,1,0,0,0,12,15,20,32,10,5,6,59,889,1,3,2,1,9,664,45,33,1,0,0,0,10,7,15,0,0,0,0,0,0,0,20757398,0,544,0.410893833168,53554.1435315932,39780842.5464582
128,128,41,17,501,1,410170005011,Block Group 1,G5030,S,200744537,194595,44.326964,-121.7290119,410170005011,Deschutes County,Block Group 1,1,1804,273,266,7,0,7,24,249,3.52,1181,117,1064,2.27,0,3,1,0,1,235,13,20,1,0,0,0,1,5,13,8,4,6,5,14,266,0,3,1,0,1,226,11,7,1,0,0,0,1,0,5,0,0,0,0,0,0,7,200744537,194595,554,0.737959763364,92770.3719064397,392930634.181199
129,129,41,17,1602,2,410170016022,Block Group 2,G5030,S,650319,0,44.0641456,-121.2958248,410170016022,Deschutes County,Block Group 2,2,1869,1183,1183,0,0,0,185,998,4711.47,585,553,32,2.14,0,9,0,0,7,1019,65,83,0,0,0,0,15,21,47,34,22,10,3,90,1149,0,7,0,0,7,872,49,63,0,0,0,0,11,15,37,0,0,0,0,0,0,0,650319,0,619,0.039211507171,5030.10772192481,1259789.08849689
130,130,41,17,1301,3,410170013013,Block Group 3,G5030,S,549884,0,44.0650515,-121.3250371,410170013013,Deschutes County,Block Group 3,3,1851,1056,1056,0,0,0,169,887,4973.83,559,494,65,2.14,1,9,4,0,6,936,57,43,1,0,1,0,6,11,24,24,23,10,5,52,1026,1,4,4,0,3,804,43,28,0,0,0,0,4,10,14,0,0,0,0,0,0,0,549884,0,601,0.044846454606,5460.24739270445,1065256.94201219
131,131,41,17,1402,2,410170014022,Block Group 2,G5030,S,388526,48729,44.0607521,-121.3234153,410170014022,Deschutes County,Block Group 2,2,1860,635,627,8,0,8,102,533,4233.03,347,302,45,2.08,4,3,2,2,1,571,37,15,0,0,0,0,1,6,8,14,18,4,4,24,620,0,3,2,2,0,490,23,13,0,0,0,0,1,4,8,0,0,0,0,0,0,8,388526,48729,610,0.0374506798054,4640.40764571771,846937.049867996
132,132,41,17,1302,1,410170013021,Block Group 1,G5030,S,1661709,0,44.0605943,-121.347124,410170013021,Deschutes County,Block Group 1,1,1852,3354,3354,0,0,0,800,2554,5227.64,1500,1371,129,2.45,7,60,11,3,12,2938,154,169,3,0,1,0,22,73,70,47,129,31,7,140,3233,7,49,5,3,9,2275,83,123,3,0,0,0,18,52,50,0,0,0,0,0,0,0,1661709,0,602,0.0673901201501,8533.47119460086,3218663.04947909
133,133,41,17,1801,1,410170018011,Block Group 1,G5030,S,1435777,0,44.0594796,-121.2858558,410170018011,Deschutes County,Block Group 1,1,1875,843,843,0,0,0,140,703,1520.68,427,398,29,2.12,0,19,8,1,2,663,64,86,2,0,2,0,22,37,23,28,43,23,8,53,782,0,17,4,1,2,573,45,61,2,0,0,0,14,30,15,0,0,0,0,0,0,0,1435777,0,625,0.0597738552076,7830.97687290324,2780944.45979033
134,134,41,17,301,2,410170003012,Block Group 2,G5030,S,4068600,0,43.829258,-121.4687358,410170003012,Deschutes County,Block Group 2,2,1793,1546,1546,0,0,0,304,1242,984.15,809,602,207,2.57,14,9,5,1,15,1352,96,54,1,0,0,1,7,16,29,68,33,13,10,60,1493,11,5,5,1,12,1103,63,42,1,0,0,1,4,9,27,0,0,0,0,0,0,0,4068600,0,543,0.182737258507,23242.5493430989,7820041.15884297
135,135,41,17,501,2,410170005012,Block Group 2,G5030,S,56204065,0,44.3461994,-121.5794834,410170005012,Deschutes County,Block Group 2,2,1805,1102,1102,0,0,0,200,902,50.78,609,456,153,2.42,0,16,0,2,2,1026,34,22,0,0,0,0,1,8,13,11,28,4,4,26,1079,0,12,0,0,0,847,27,16,0,0,0,0,1,7,8,0,0,0,0,0,0,0,56204065,0,555,0.355406949538,47467.701573588,109918418.101692
136,136,41,17,501,3,410170005013,Block Group 3,G5030,S,79097734,0,44.3527908,-121.4923779,410170005013,Deschutes County,Block Group 3,3,1806,1682,1682,0,0,0,221,1461,55.08,920,756,164,2.22,12,9,6,3,11,1497,96,48,1,0,0,0,3,4,40,58,34,10,6,79,1637,12,9,3,0,11,1322,78,26,0,0,0,0,3,2,21,0,0,0,0,0,0,0,79097734,0,556,0.52248289343,66473.004011076,154726166.009091
137,137,41,17,301,4,410170003014,Block Group 4,G5030,S,26303504,0,43.8480741,-121.4160209,410170003014,Deschutes County,Block Group 4,4,1795,489,489,0,0,0,65,424,48.15,655,238,417,2.05,4,5,1,2,7,435,16,19,0,0,1,1,6,0,11,17,6,7,3,21,462,0,5,1,2,7,390,9,10,0,0,0,1,4,0,5,0,0,0,0,0,0,0,26303504,0,545,0.308082273807,38504.0269254705,50588239.6326784
138,138,41,17,1903,1,410170019031,Block Group 1,G5030,S,3289654,0,44.0440273,-121.256188,410170019031,Deschutes County,Block Group 1,1,1882,2352,2352,0,0,0,579,1773,1851.76,883,872,11,2.7,22,53,16,3,7,1920,152,179,0,0,2,0,61,40,76,79,100,30,15,176,2184,14,43,6,2,6,1491,86,125,0,0,2,0,42,30,51,0,0,0,0,0,0,0,3289654,0,632,0.081854119263,10507.8059249553,6368391.8925559
139,139,41,17,502,3,410170005023,Block Group 3,G5030,S,5279875,0,44.2967393,-121.5458643,410170005023,Deschutes County,Block Group 3,3,1809,1841,1831,10,10,0,396,1445,903.08,913,777,136,2.36,12,6,6,1,13,1554,125,124,3,2,0,0,31,33,55,66,29,23,7,143,1766,6,6,0,1,6,1282,70,74,3,2,0,0,19,15,35,0,0,10,0,0,0,0,5279875,0,559,0.163338059894,20529.6375692784,10308585.4836083
140,140,41,17,502,2,410170005022,Block Group 2,G5030,S,3727185,0,44.2842529,-121.5630695,410170005022,Deschutes County,Block Group 2,2,1808,780,780,0,0,0,130,650,542.02,487,376,111,2.07,1,5,0,0,0,686,44,44,2,2,0,0,10,11,19,22,17,7,8,38,758,1,5,0,0,0,572,41,31,2,2,0,0,9,7,11,0,0,0,0,0,0,0,3727185,0,558,0.0991626103753,12282.6163731608,7273997.67768468
141,141,41,17,1002,2,410170010022,Block Group 2,G5030,S,65882744,0,44.1805619,-121.1979483,410170010022,Deschutes County,Block Group 2,2,1830,2054,2054,0,0,0,352,1702,80.75,883,788,95,2.61,6,13,4,2,21,1807,78,123,4,0,1,0,37,32,49,49,24,10,10,132,1963,6,10,4,2,18,1517,58,87,4,0,1,0,29,21,32,0,0,0,0,0,0,0,65882744,0,580,0.505155952167,62597.5550815071,128127829.505179
142,142,41,17,602,1,410170006021,Block Group 1,G5030,S,62086138,580696,44.1805924,-121.4152795,410170006021,Deschutes County,Block Group 1,1,1811,1172,1172,0,0,0,191,981,48.89,526,474,52,2.47,6,5,4,0,9,1057,48,43,4,0,0,0,2,14,23,37,17,5,1,43,1142,6,5,4,0,5,902,25,34,3,0,0,0,1,13,17,0,0,0,0,0,0,0,62086138,580696,561,0.497156142266,64424.57709108,121865452.198683
143,143,41,17,603,2,410170006032,Block Group 2,G5030,S,98444497,0,44.2495752,-121.3992782,410170006032,Deschutes County,Block Group 2,2,1814,957,957,0,0,0,151,806,25.18,444,396,48,2.42,9,2,1,0,15,869,31,30,0,0,1,0,10,5,14,29,9,3,1,43,918,3,2,1,0,10,751,26,13,0,0,1,0,4,2,6,0,0,0,0,0,0,0,98444497,0,564,0.472354008246,60440.021738023,191899862.709637
144,144,41,17,1802,2,410170018022,Block Group 2,G5030,S,517057,0,44.0536574,-121.2784017,410170018022,Deschutes County,Block Group 2,2,1879,813,813,0,0,0,216,597,4072.39,323,299,24,2.72,2,3,2,2,4,625,32,143,2,0,3,0,71,50,17,13,22,8,15,99,716,0,3,2,2,2,476,22,90,1,0,0,0,49,23,17,0,0,0,0,0,0,0,517057,0,629,0.0350613774792,4295.51299725448,1001286.80510286
145,145,41,17,1301,1,410170013011,Block Group 1,G5030,S,2852985,0,44.0789347,-121.3296439,410170013011,Deschutes County,Block Group 1,1,1849,1934,1934,0,0,0,411,1523,1755.72,784,713,71,2.71,6,36,6,0,6,1749,82,49,0,2,0,0,2,18,27,35,68,12,3,57,1872,2,28,6,0,2,1391,56,38,0,0,0,0,2,14,22,0,0,0,0,0,0,0,2852985,0,599,0.0866297177239,11316.6388421644,5529521.17344886
146,146,41,17,1502,1,410170015021,Block Group 1,G5030,S,543105,76658,44.0555343,-121.3204546,410170015021,Deschutes County,Block Group 1,1,1864,1001,1001,0,0,0,138,863,4773.62,596,509,87,1.97,2,12,6,1,9,876,47,48,0,0,0,0,7,18,23,18,29,11,8,53,963,2,11,5,1,7,766,34,37,0,0,0,0,7,15,15,0,0,0,0,0,0,0,543105,76658,614,0.0394436098617,5229.35053021805,1200271.4543395
147,147,41,17,1302,4,410170013024,Block Group 4,G5030,S,407419,0,44.061169,-121.3311818,410170013024,Deschutes County,Block Group 4,4,1855,838,838,0,0,0,108,730,5327.22,438,394,44,2.13,4,16,2,2,5,715,47,47,1,0,0,0,8,13,25,18,37,7,2,48,800,4,15,2,2,5,627,38,37,1,0,0,0,7,12,17,0,0,0,0,0,0,0,407419,0,605,0.0306031530499,4144.81649553124,789167.669424467
148,148,41,17,1401,1,410170014011,Block Group 1,G5030,S,2797364,0,44.0308644,-121.3537139,410170014011,Deschutes County,Block Group 1,1,1856,1669,1669,0,0,0,409,1260,1545.27,814,654,160,2.55,3,18,1,1,12,1491,55,88,2,0,0,0,11,30,45,21,38,3,2,88,1620,3,12,1,1,11,1142,35,55,0,0,0,0,10,21,24,0,0,0,0,0,0,0,2797364,0,606,0.0901332974257,11471.3303006625,5412983.86326619
149,149,41,17,1904,2,410170019042,Block Group 2,G5030,S,948250,0,44.0316322,-121.2783294,410170019042,Deschutes County,Block Group 2,2,1886,849,843,6,0,6,161,688,2318.9,351,334,17,2.52,1,12,6,0,16,738,24,52,0,0,0,0,13,16,23,9,23,10,1,54,801,0,7,3,0,10,625,10,33,0,0,0,0,9,7,17,0,0,0,0,0,0,6,948250,0,636,0.0492802498561,6398.93347414128,1834939.09892512
150,150,41,17,2101,1,410170021011,Block Group 1,G5030,S,622976,0,44.0321387,-121.3143723,410170021011,Deschutes County,Block Group 1,1,1892,979,979,0,0,0,207,772,4070.14,485,421,64,2.33,4,9,9,0,4,761,76,116,1,0,2,0,56,31,26,53,24,24,4,85,894,4,5,9,0,4,616,52,82,1,0,0,0,31,25,25,0,0,0,0,0,0,0,622976,0,642,0.0369559375737,4588.12573895899,1205529.81484011
151,151,41,17,2002,2,410170020022,Block Group 2,G5030,S,3889621,0,44.0157887,-121.3074464,410170020022,Deschutes County,Block Group 2,2,1890,3653,3646,7,7,0,821,2832,2432.43,1603,1493,110,2.44,17,63,7,0,11,2758,202,595,11,0,4,1,320,129,130,101,136,60,18,495,3211,15,57,4,0,10,2240,135,371,9,0,1,1,191,83,86,0,0,7,0,0,0,0,3889621,0,640,0.100060614937,12960.5562286616,7522740.71065508
152,152,41,17,1801,3,410170018013,Block Group 3,G5030,S,350547,0,44.0614614,-121.2765786,410170018013,Deschutes County,Block Group 3,3,1877,1862,1845,17,17,0,285,1577,13757.24,1025,946,79,1.95,10,32,18,7,13,1501,71,210,2,0,0,0,62,78,68,43,47,40,11,149,1714,10,31,14,7,11,1305,48,151,2,0,0,0,43,48,58,0,0,17,0,0,0,0,350547,0,627,0.0349468274968,4698.71005691962,679012.096156452
153,153,41,17,1802,1,410170018021,Block Group 1,G5030,S,1688011,0,44.0451352,-121.2862464,410170018021,Deschutes County,Block Group 1,1,1878,1730,1722,8,0,8,346,1384,2654.41,808,782,26,2.2,14,9,2,0,13,1301,116,275,10,3,3,0,78,77,104,74,53,25,11,206,1593,13,8,2,0,9,1104,77,171,4,3,0,0,56,44,64,0,0,0,0,0,0,8,1688011,0,628,0.0601257360378,8060.38709978882,3267914.49296909
154,154,41,17,1904,1,410170019041,Block Group 1,G5030,S,1578296,0,44.0289518,-121.2707395,410170019041,Deschutes County,Block Group 1,1,1885,1808,1808,0,0,0,422,1386,2966.93,686,671,15,2.69,8,26,4,0,7,1298,79,386,8,0,0,0,229,57,92,51,42,9,6,355,1522,7,21,2,0,6,1059,57,234,8,0,0,0,126,38,62,0,0,0,0,0,0,0,1578296,0,635,0.0778851350421,10074.8269997298,3053853.06419363
155,155,41,17,1501,2,410170015012,Block Group 2,G5030,S,1092583,0,44.0397525,-121.310306,410170015012,Deschutes County,Block Group 2,2,1862,1873,1803,70,61,9,334,1539,4439.98,938,849,89,2.12,17,32,10,9,14,1454,95,242,3,0,2,0,103,51,83,51,67,24,12,224,1681,16,28,3,7,10,1243,67,165,3,0,2,0,70,34,56,0,0,61,0,0,0,9,1092583,0,612,0.0520261916611,6780.12589414479,2114813.29798639
156,156,41,17,1302,3,410170013023,Block Group 3,G5030,S,6483553,0,44.0660816,-121.3717962,410170013023,Deschutes County,Block Group 3,3,1854,2064,2064,0,0,0,513,1551,824.51,921,852,69,2.42,2,50,5,3,9,1805,97,93,3,1,0,0,7,45,37,28,96,18,8,75,1981,2,38,5,3,5,1378,61,59,3,1,0,0,6,26,23,0,0,0,0,0,0,0,6483553,0,604,0.117569554095,15965.780934487,12560697.3413464
157,157,41,17,1301,2,410170013012,Block Group 2,G5030,S,3227440,59656,44.0828212,-121.3180189,410170013012,Deschutes County,Block Group 2,2,1850,2871,2860,11,0,11,508,2363,2303.95,1411,1260,151,2.27,7,60,14,2,14,2477,155,142,0,0,3,0,22,41,76,50,122,31,7,154,2747,5,55,14,2,12,2074,108,93,0,0,3,0,17,27,46,0,0,0,0,0,0,11,3227440,59656,600,0.117694763872,15512.766117026,6370991.04841685
158,158,41,17,1501,1,410170015011,Block Group 1,G5030,S,691939,0,44.0478365,-121.2983872,410170015011,Deschutes County,Block Group 1,1,1861,838,838,0,0,0,171,667,3136.71,374,342,32,2.45,2,4,2,4,7,618,49,152,7,1,0,0,62,35,47,48,10,9,6,120,747,2,4,1,4,6,515,37,98,7,1,0,0,38,22,30,0,0,0,0,0,0,0,691939,0,611,0.0380798547306,4944.29144792337,1339682.40833815
159,159,41,17,1502,2,410170015022,Block Group 2,G5030,S,1764586,33602,44.0491083,-121.31202,410170015022,Deschutes County,Block Group 2,2,1865,1233,1196,37,0,37,141,1092,1809.75,787,624,163,1.92,6,16,3,1,12,1037,84,74,1,0,0,0,7,28,38,51,41,16,16,68,1182,3,16,3,1,7,935,64,63,0,0,0,0,7,23,33,0,0,0,0,0,0,37,1764586,33602,615,0.077444111185,10031.8035563943,3481839.74973885
160,160,41,17,1702,1,410170017021,Block Group 1,G5030,S,1168292,0,44.0723086,-121.278201,410170017021,Deschutes County,Block Group 1,1,1873,2512,2491,21,0,21,550,1962,5568.86,1088,1050,38,2.37,22,26,11,2,25,2024,161,241,4,0,0,0,60,74,103,116,67,33,18,215,2354,17,20,8,2,18,1631,116,150,1,0,0,0,38,46,65,0,0,0,0,0,0,21,1168292,0,623,0.0512546566481,6763.64610389362,2263821.16399105
161,161,41,17,1701,3,410170017013,Block Group 3,G5030,S,767812,0,44.0810652,-121.2725846,410170017013,Deschutes County,Block Group 3,3,1872,1968,1968,0,0,0,432,1536,6638.47,771,745,26,2.64,13,18,1,1,11,1639,115,170,4,0,1,0,54,54,57,75,45,11,22,138,1861,13,18,0,1,8,1304,70,122,4,0,0,0,38,36,44,0,0,0,0,0,0,0,767812,0,622,0.0467278351016,5639.41037290605,1488242.43209113
162,162,41,17,2103,1,410170021031,Block Group 1,G5030,S,1633267,0,44.0243388,-121.3332207,410170021031,Deschutes County,Block Group 1,1,1896,3521,3503,18,0,18,1025,2496,5583.5,1288,1224,64,2.86,21,79,19,5,14,3024,185,174,0,1,0,2,35,58,78,92,143,30,23,170,3341,16,50,13,3,11,2189,106,108,0,0,0,0,23,35,50,0,0,0,0,0,0,18,1633267,0,646,0.0741195884479,9317.06486867668,3159728.80114607
163,163,41,17,1702,2,410170017022,Block Group 2,G5030,S,574494,0,44.0716461,-121.2859715,410170017022,Deschutes County,Block Group 2,2,1874,975,975,0,0,0,224,751,4395.59,397,390,7,2.5,7,13,4,0,15,812,65,59,3,0,0,0,15,16,25,42,28,23,2,62,917,3,7,4,0,12,652,39,34,3,0,0,0,9,7,15,0,0,0,0,0,0,0,574494,0,624,0.0369451685082,5175.7312584454,1113182.34796726
164,164,41,43,20102,1,410430201021,Block Group 1,G5030,S,1696328,0,44.6490414,-123.0529257,410430201021,Linn County,Block Group 1,1,2663,3054,3054,0,0,0,733,2321,4662.91,1273,1195,78,2.56,27,48,27,6,7,2312,210,417,24,0,4,0,151,155,83,152,97,85,22,275,2741,20,48,24,6,7,1808,145,263,17,0,0,0,107,81,58,0,0,0,0,0,0,0,1696328,0,1413,0.0624242120661,7888.98211363207,3351912.6702482
165,165,41,43,20101,2,410430201012,Block Group 2,G5030,S,58953145,54062,44.6165045,-123.0207402,410430201012,Linn County,Block Group 2,2,2661,1820,1814,6,0,6,435,1385,79.96,695,660,35,2.75,16,15,4,10,3,1479,120,173,5,0,1,0,63,32,72,89,25,19,15,178,1697,16,15,0,4,3,1172,73,102,5,0,1,0,41,24,31,0,0,0,0,0,0,6,58953145,54062,1411,0.449528613594,59984.7769599372,116459430.012082
166,166,41,43,30906,2,410430309062,Block Group 2,G5030,S,33203512,705764,44.4968727,-122.80292,410430309062,Linn County,Block Group 2,2,2747,1733,1725,8,0,8,367,1366,135.18,646,623,23,2.77,18,16,2,12,11,1437,107,130,3,5,1,0,35,37,49,86,39,19,18,113,1627,16,15,2,8,9,1175,67,74,3,0,1,0,20,23,27,0,0,0,0,0,0,8,33203512,705764,1497,0.428353576791,53495.9288098063,66643516.3730216
167,167,41,43,30801,1,410430308011,Block Group 1,G5030,S,2855013,0,44.5404153,-122.9360841,410430308011,Linn County,Block Group 1,1,2731,1981,1962,19,0,19,431,1550,1797.11,849,806,43,2.43,34,19,7,4,9,1628,102,178,8,0,0,0,58,60,52,103,44,20,15,138,1834,30,15,0,1,7,1303,70,124,3,0,0,0,42,37,42,0,0,0,0,0,0,19,2855013,0,1481,0.103469106045,12367.1634955251,5620550.54872682
168,168,41,43,30201,3,410430302013,Block Group 3,G5030,S,510504552,6328742,44.6829625,-122.3056173,410430302013,Linn County,Block Group 3,3,2701,636,635,1,0,1,101,535,3.23,366,255,111,2.49,4,3,3,0,0,569,26,31,0,0,0,0,3,11,17,24,8,6,2,21,623,4,3,0,0,0,486,19,23,0,0,0,0,1,8,14,0,0,0,0,0,0,1,510504552,6328742,1451,1.84944526428,234335.738701466,1022215329.90973
169,169,41,43,30201,4,410430302014,Block Group 4,G5030,S,246866479,69040,44.6857532,-122.6409627,410430302014,Linn County,Block Group 4,4,2702,1029,1029,0,0,0,188,841,10.8,426,394,32,2.61,12,1,1,0,15,909,49,42,3,0,0,0,11,17,11,43,12,3,3,46,986,12,1,1,0,7,758,30,32,3,0,0,0,8,10,11,0,0,0,0,0,0,0,246866479,69040,1452,1.06757535447,134265.892363156,488588856.014173
170,170,41,43,30906,3,410430309063,Block Group 3,G5030,S,34209965,0,44.4652098,-122.8465303,410430309063,Linn County,Block Group 3,3,2748,1498,1498,0,0,0,317,1181,113.41,580,557,23,2.69,21,3,5,2,5,1303,88,71,2,7,2,0,14,22,24,76,28,14,9,56,1434,17,3,3,2,2,1049,63,42,2,0,2,0,7,13,18,0,0,0,0,0,0,0,34209965,0,1498,0.324503172026,42861.2412314866,67175398.19136
171,171,41,43,20101,1,410430201011,Block Group 1,G5030,S,56014309,2046094,44.7087457,-123.094787,410430201011,Linn County,Block Group 1,1,2660,3397,3395,2,0,2,838,2559,157.07,1246,1208,38,2.81,16,52,8,3,22,2814,181,301,6,0,1,1,70,83,140,98,91,29,19,280,3215,15,41,7,3,19,2174,109,191,3,0,0,1,50,47,90,0,0,0,0,0,0,2,56014309,2046094,1410,0.398735048627,54137.1811711063,114963874.651135
172,172,41,43,20103,1,410430201031,Block Group 1,G5030,S,9767969,15987,44.626872,-123.0472938,410430201031,Linn County,Block Group 1,1,2664,2726,2726,0,0,0,666,2060,722.8,1046,990,56,2.75,21,67,32,2,7,2035,157,405,15,0,0,0,159,85,146,147,102,58,17,324,2414,14,56,19,0,2,1602,106,261,12,0,0,0,99,55,95,0,0,0,0,0,0,0,9767969,15987,1414,0.143580717881,19522.0198442177,19317516.5112641
173,173,41,43,30202,1,410430302021,Block Group 1,G5030,S,10683234,496473,44.7761538,-122.5993144,410430302021,Linn County,Block Group 1,1,2703,1576,1576,0,0,0,335,1241,382.08,666,602,64,2.62,22,14,4,1,7,1341,94,93,4,0,1,0,23,20,45,113,27,12,9,78,1495,20,13,2,1,3,1071,71,60,1,0,0,0,12,17,30,0,0,0,0,0,0,0,10683234,496473,1453,0.289206172866,33894.9207219006,22186681.032774
174,174,41,43,30905,1,410430309051,Block Group 1,G5030,S,31585714,0,44.5103895,-122.9634638,410430309051,Linn County,Block Group 1,1,2744,2483,2439,44,44,0,625,1858,203.6,923,879,44,2.77,32,16,7,5,18,2044,152,209,11,0,0,0,69,56,73,143,40,21,13,190,2318,27,14,4,5,10,1570,101,127,9,0,0,0,40,37,41,0,0,44,0,0,0,0,31585714,0,1494,0.281713606409,35990.0555761977,62117838.0034491
175,175,41,43,30802,2,410430308022,Block Group 2,G5030,S,6159976,186408,44.5614875,-122.891663,410430308022,Linn County,Block Group 2,2,2735,1411,1400,11,0,11,323,1088,593.26,581,556,25,2.52,15,7,14,2,0,1166,105,102,1,0,1,0,32,46,22,86,30,29,11,62,1333,12,6,9,0,0,938,61,62,1,0,0,0,21,24,16,0,0,0,0,0,0,11,6159976,186408,1485,0.179699689548,24633.5384176503,12502318.7187999
176,176,41,43,30906,1,410430309061,Block Group 1,G5030,S,39919843,0,44.5405341,-122.8332493,410430309061,Linn County,Block Group 1,1,2746,1064,1064,0,0,0,215,849,69.03,418,396,22,2.69,7,1,0,1,12,959,56,28,0,0,1,0,8,10,9,40,2,10,3,41,1034,6,1,0,0,6,778,40,18,0,0,1,0,7,6,4,0,0,0,0,0,0,0,39919843,0,1496,0.311289598393,40225.9502636489,78588849.4722053
177,177,41,43,30802,3,410430308023,Block Group 3,G5030,S,2690694,182087,44.5456165,-122.8854449,410430308023,Linn County,Block Group 3,3,2736,1286,1278,8,0,8,289,997,1237.87,575,532,43,2.4,7,6,4,2,2,1113,60,92,6,2,0,0,24,38,22,55,14,15,8,54,1227,6,6,2,0,0,873,49,61,1,2,0,0,20,26,12,0,0,0,0,0,0,8,2690694,182087,1486,0.0964127018034,12333.3635328267,5656398.56623267
178,178,41,43,30801,2,410430308012,Block Group 2,G5030,S,4092961,0,44.5534874,-122.9247869,410430308012,Linn County,Block Group 2,2,2732,1938,1694,244,244,0,363,1575,1226.35,749,718,31,2.36,10,48,18,3,1,1603,112,143,7,0,0,0,54,50,32,75,69,41,9,103,1793,9,45,12,2,0,1331,90,86,3,0,0,0,34,30,19,0,0,244,0,0,0,0,4092961,0,1482,0.107685306317,13668.671190205,8061228.55570825
179,179,41,43,20300,6,410430203006,Block Group 6,G5030,S,1817981,0,44.6153121,-123.1195331,410430203006,Linn County,Block Group 6,6,2671,1501,1487,14,0,14,293,1208,2138.4,608,598,10,2.49,8,25,4,2,7,1284,55,116,0,0,0,0,56,20,40,34,43,15,3,112,1395,4,19,4,2,6,1054,31,88,0,0,0,0,46,13,29,0,0,0,0,0,0,14,1817981,0,1421,0.0738635928383,9973.21715313064,3588148.97582191
180,180,41,43,30202,2,410430302022,Block Group 2,G5030,S,109874126,1377751,44.7414442,-122.7674224,410430302022,Linn County,Block Group 2,2,2704,1857,1857,0,0,0,410,1447,43.77,691,643,48,2.89,15,11,4,2,0,1652,86,87,3,0,1,0,27,14,42,81,21,9,8,87,1791,12,6,2,2,0,1319,60,46,1,0,0,0,16,8,21,0,0,0,0,0,0,0,109874126,1377751,1454,0.613442296683,75517.9509888617,220603296.119763
181,181,41,43,20101,3,410430201013,Block Group 3,G5030,S,22729046,490198,44.6843592,-123.0354124,410430201013,Linn County,Block Group 3,3,2662,945,945,0,0,0,169,776,107.68,374,363,11,2.6,4,4,0,1,4,815,47,70,0,0,0,0,38,17,15,37,11,3,2,65,894,3,4,0,1,4,684,31,49,0,0,0,0,24,14,11,0,0,0,0,0,0,0,22729046,490198,1412,0.275213120093,37048.7333126036,45954185.7514427
182,182,41,43,30801,3,410430308013,Block Group 3,G5030,S,749654,0,44.5424928,-122.9110061,410430308013,Linn County,Block Group 3,3,2733,1201,1189,12,0,12,274,927,4149.35,542,480,62,2.48,18,11,8,11,8,931,83,131,6,0,1,0,41,39,44,68,24,21,13,116,1091,18,10,6,7,5,729,64,88,5,0,0,0,25,24,34,0,0,0,0,0,0,12,749654,0,1483,0.0428403864845,5893.17050254543,1475915.83193113
183,183,41,43,30201,1,410430302011,Block Group 1,G5030,S,3493732,63807,44.7503817,-122.4573275,410430302011,Linn County,Block Group 1,1,2699,903,903,0,0,0,214,689,669.42,366,339,27,2.66,11,3,2,1,0,750,54,82,2,0,0,0,11,31,38,58,8,8,10,48,870,10,3,2,1,0,579,42,52,2,0,0,0,9,17,24,0,0,0,0,0,0,0,3493732,63807,1449,0.10146845191,12481.5525389906,7053699.26899605
184,184,41,43,30201,2,410430302012,Block Group 2,G5030,S,1442358,0,44.7495618,-122.4851115,410430302012,Linn County,Block Group 2,2,2700,933,933,0,0,0,232,701,1675.35,351,319,32,2.92,9,2,4,1,5,768,63,81,2,0,0,0,11,35,33,62,6,10,3,54,898,7,2,0,1,5,581,48,57,2,0,0,0,10,18,27,0,0,0,0,0,0,0,1442358,0,1450,0.0588695770165,7413.34413334498,2859916.90259346
185,185,41,43,20500,3,410430205003,Block Group 3,G5030,S,784877,0,44.6256096,-123.0673309,410430205003,Linn County,Block Group 3,3,2678,1551,1478,73,44,29,261,1290,5118.09,690,668,22,2.21,4,20,11,9,1,1271,54,181,12,1,4,0,49,45,70,44,35,29,14,125,1437,3,17,10,3,1,1088,33,135,11,1,4,0,46,17,56,0,0,44,0,0,0,29,784877,0,1428,0.0416358140237,5563.17999155678,1549660.33892179
186,186,41,43,20602,1,410430206021,Block Group 1,G5030,S,567478,0,44.618943,-123.0772068,410430206021,Linn County,Block Group 1,1,2682,1205,1205,0,0,0,224,981,5499.66,532,522,10,2.31,14,30,17,6,15,927,65,131,6,0,0,0,38,37,50,51,43,25,9,121,1079,8,26,12,4,12,781,55,83,6,0,0,0,26,18,33,0,0,0,0,0,0,0,567478,0,1432,0.0342192602552,4468.18553314957,1120169.50642504
187,187,41,43,30404,1,410430304041,Block Group 1,G5030,S,65226011,0,44.3444727,-122.7044142,410430304041,Linn County,Block Group 1,1,2716,1538,1538,0,0,0,329,1209,61.07,629,593,36,2.59,7,4,2,1,18,1276,132,98,5,0,1,0,21,32,39,95,21,17,9,102,1478,7,1,2,1,18,1042,85,53,3,0,1,0,12,16,21,0,0,0,0,0,0,0,65226011,0,1466,0.518757272715,66411.9457654598,127555175.177751
188,188,41,43,30404,3,410430304043,Block Group 3,G5030,S,15954442,0,44.3843782,-122.673801,410430304043,Linn County,Block Group 3,3,2718,1533,1533,0,0,0,324,1209,248.86,620,587,33,2.61,18,11,3,1,4,1372,72,52,0,0,0,0,13,18,21,72,21,9,8,47,1477,17,10,0,1,4,1091,57,29,0,0,0,0,11,10,8,0,0,0,0,0,0,0,15954442,0,1468,0.224702984363,28109.0774772749,31242542.6294978
189,189,41,43,30403,2,410430304032,Block Group 2,G5030,S,2644100,93809,44.4106988,-122.6867908,410430304032,Linn County,Block Group 2,2,2714,860,860,0,0,0,251,609,842.4,324,293,31,2.94,11,1,1,2,3,682,93,67,0,0,0,0,10,34,23,81,8,12,8,44,829,5,0,1,2,2,508,48,43,0,0,0,0,9,20,14,0,0,0,0,0,0,0,2644100,93809,1464,0.0879655657877,10845.4286663314,5365986.55405633
190,190,41,43,30403,1,410430304031,Block Group 1,G5030,S,27454000,4232908,44.3976923,-122.6020496,410430304031,Linn County,Block Group 1,1,2713,851,844,7,0,7,153,698,80.28,385,339,46,2.49,24,7,0,3,3,742,48,24,1,0,0,1,6,12,4,58,7,2,7,25,806,17,3,0,3,3,619,37,16,1,0,0,0,2,10,3,0,0,0,0,0,0,7,27454000,4232908,1463,0.408594547205,50307.1886053975,62080234.314757
191,191,41,43,30403,3,410430304033,Block Group 3,G5030,S,1615862,0,44.4020765,-122.6869578,410430304033,Linn County,Block Group 3,3,2715,1547,1516,31,31,0,329,1218,2479.61,649,637,12,2.38,11,18,4,2,4,1296,112,100,9,0,0,0,16,33,42,78,29,13,3,100,1480,10,8,3,2,2,1044,78,71,9,0,0,0,10,25,27,0,0,31,0,0,0,0,1615862,0,1465,0.0843225680562,9838.30399434165,3166139.4599032
192,192,41,43,20601,2,410430206012,Block Group 2,G5030,S,2588016,90650,44.5972119,-123.0704083,410430206012,Linn County,Block Group 2,2,2680,1770,1673,97,83,14,230,1540,1771.35,907,850,57,1.97,15,31,3,4,13,1472,104,128,8,1,0,1,48,28,42,67,52,21,15,132,1634,10,31,2,3,8,1322,83,81,7,1,0,1,31,17,24,0,0,83,0,0,0,14,2588016,90650,1430,0.0726943127073,9835.91968880587,5283612.25406363
193,193,41,43,30802,1,410430308021,Block Group 1,G5030,S,57945296,0,44.567834,-122.9582677,410430308021,Linn County,Block Group 1,1,2734,1078,1078,0,0,0,253,825,48.18,391,366,25,2.95,11,4,5,0,3,929,68,58,0,0,0,0,21,23,14,46,19,8,13,52,1032,11,4,2,0,2,739,32,35,0,0,0,0,14,13,8,0,0,0,0,0,0,0,57945296,0,1484,0.446498485531,57129.999039015,114181310.699804
194,194,41,43,30905,2,410430309052,Block Group 2,G5030,S,27404999,0,44.476714,-122.9167867,410430309052,Linn County,Block Group 2,2,2745,1233,1233,0,0,0,236,997,116.53,469,452,17,2.73,19,17,2,0,7,1083,83,22,1,1,0,0,4,9,7,72,29,5,5,32,1182,10,13,1,0,7,893,58,15,1,1,0,0,4,4,5,0,0,0,0,0,0,0,27404999,0,1495,0.254225495568,33326.198263951,53834092.9098636
195,195,41,43,20601,1,410430206011,Block Group 1,G5030,S,1002777,0,44.6089898,-123.071592,410430206011,Linn County,Block Group 1,1,2679,1469,1461,8,0,8,257,1212,3794.16,618,586,32,2.49,18,29,8,9,8,1158,77,162,0,0,0,0,59,33,70,66,53,15,9,144,1333,11,25,8,5,8,997,57,101,0,0,0,0,43,14,44,0,0,0,0,0,0,8,1002777,0,1429,0.0545223073933,6721.09375932973,1978756.4865029
196,196,41,43,20602,3,410430206023,Block Group 3,G5030,S,812641,0,44.6169249,-123.067121,410430206023,Linn County,Block Group 3,3,2684,2563,2560,3,0,3,699,1864,8168.6,914,899,15,2.85,11,77,14,14,11,1806,180,450,14,1,2,1,136,127,169,99,125,45,28,364,2273,4,64,10,10,11,1378,108,279,9,1,2,1,98,62,106,0,0,0,0,0,0,3,812641,0,1434,0.0391732940211,5189.55347012509,1604003.71571711
197,197,41,43,20601,3,410430206013,Block Group 3,G5030,S,469116,0,44.6132606,-123.0784474,410430206013,Linn County,Block Group 3,3,2681,731,725,6,0,6,112,619,4035.85,317,313,4,2.32,8,4,12,5,1,622,31,48,4,0,0,0,11,10,23,34,7,19,8,36,683,8,4,12,1,1,531,26,36,4,0,0,0,9,7,16,0,0,0,0,0,0,6,469116,0,1431,0.0309847016856,3987.55914333627,925831.416496209
198,198,41,43,20602,2,410430206022,Block Group 2,G5030,S,288111,0,44.6236591,-123.0784551,410430206022,Linn County,Block Group 2,2,2683,1265,1265,0,0,0,299,966,11371.78,603,565,38,2.24,14,18,5,0,0,927,59,242,6,0,2,0,84,53,97,49,26,28,1,186,1134,14,17,5,0,0,733,38,159,6,0,2,0,64,33,54,0,0,0,0,0,0,0,288111,0,1433,0.0274840338972,3380.49166783502,568806.210322114
199,199,41,43,30404,2,410430304042,Block Group 2,G5030,S,1086682,0,44.3935188,-122.7213883,410430304042,Linn County,Block Group 2,2,2717,1162,1162,0,0,0,253,909,2769.5,496,476,20,2.44,10,15,9,0,5,972,83,68,1,0,2,0,7,29,29,62,24,32,7,48,1113,8,11,8,0,5,774,66,37,0,0,2,0,6,12,17,0,0,0,0,0,0,0,1086682,0,1467,0.0651770910322,8071.20732885197,2128637.56284458
200,200,41,31,960304,1,410319603041,Block Group 1,G5030,S,98021910,690525,44.5234928,-121.2604714,410319603041,Jefferson County,Block Group 1,1,2194,2435,2411,24,0,24,646,1789,64.34,898,836,62,2.88,46,14,4,0,4,1604,159,604,9,0,2,1,231,118,243,148,48,19,14,512,2115,36,13,0,0,4,1253,109,374,6,0,1,1,158,62,146,0,0,0,0,19,0,5,98021910,690525,944,0.778486530424,99895.8916975649,193894724.243594
201,201,41,31,960303,1,410319603031,Block Group 1,G5030,S,294745090,5547999,44.506195,-121.375628,410319603031,Jefferson County,Block Group 1,1,2192,268,268,0,0,0,15,253,2.35,671,141,530,1.9,5,3,0,0,3,238,12,7,0,0,1,0,0,2,4,19,5,2,0,7,255,2,3,0,0,3,229,10,6,0,0,0,0,0,2,4,0,0,0,0,0,0,0,294745090,5547999,942,0.930861222089,123512.663215711,590289829.308079
202,202,41,31,960202,4,410319602024,Block Group 4,G5030,S,22461947,0,44.6594095,-121.0980713,410319602024,Jefferson County,Block Group 4,4,2187,833,833,0,0,0,162,671,96.05,344,333,11,2.5,26,7,3,0,1,666,33,97,0,2,0,0,55,21,19,53,15,9,2,71,737,16,6,3,0,1,555,24,66,0,2,0,0,36,15,13,0,0,0,0,0,0,0,22461947,0,937,0.251311320505,32344.3553160098,44400152.5628604
203,203,41,31,960305,2,410319603052,Block Group 2,G5030,S,130771889,2680210,44.5871827,-121.2213672,410319603052,Jefferson County,Block Group 2,2,2196,740,740,0,0,0,141,599,14.66,378,296,82,2.5,13,3,0,1,0,589,44,90,1,0,0,0,42,23,24,58,13,4,3,63,676,7,3,0,1,0,497,32,59,0,0,0,0,29,11,19,0,0,0,0,0,0,0,130771889,2680210,946,0.825590179086,106815.575293999,263202755.12379
204,204,41,31,960305,1,410319603051,Block Group 1,G5030,S,15633016,0,44.5810861,-121.1808744,410319603051,Jefferson County,Block Group 1,1,2195,1129,1129,0,0,0,311,818,187.05,418,388,30,2.91,23,8,5,3,2,622,49,417,6,1,0,0,185,109,116,79,13,14,4,313,886,18,8,1,3,2,501,33,252,6,0,0,0,119,55,72,0,0,0,0,0,0,0,15633016,0,945,0.20254176817,27347.9304037197,30818833.5532897
205,205,41,31,960303,2,410319603032,Block Group 2,G5030,S,735620345,2185343,44.5097634,-121.6491405,410319603032,Jefferson County,Block Group 2,2,2193,296,296,0,0,0,31,265,1.04,404,140,264,2.11,4,1,0,0,0,266,12,13,0,0,0,0,0,5,8,13,8,4,2,8,288,3,1,0,0,0,244,9,8,0,0,0,0,0,3,5,0,0,0,0,0,0,0,735620345,2185343,943,1.46242211788,192402.532591553,1450997843.52596
206,206,41,31,960301,4,410319603014,Block Group 4,G5030,S,13884200,0,44.4154434,-121.2837124,410319603014,Jefferson County,Block Group 4,4,2191,1027,1027,0,0,0,113,914,191.58,504,438,66,2.34,8,4,2,0,2,939,39,33,1,0,0,0,5,12,15,32,10,5,7,31,1003,7,1,0,0,2,844,32,28,1,0,0,0,4,12,11,0,0,0,0,0,0,0,13884200,0,941,0.271254211375,34625.5268677349,27217221.8123304
207,207,41,35,970100,4,410359701004,Block Group 4,G5030,S,2360610354,95223151,43.2377715,-121.9629418,410359701004,Klamath County,Block Group 4,4,2265,547,524,23,0,23,62,485,0.6,762,249,513,2.1,1,1,0,0,0,477,37,31,0,2,0,0,14,11,4,20,6,1,1,32,529,1,1,0,0,0,423,30,30,0,2,0,0,14,10,4,0,0,0,0,0,0,23,2360610354,95223151,1015,3.49123826797,453399.387180252,4626542116.13411
208,208,41,35,970201,1,410359702011,Block Group 1,G5030,S,3305765321,22483397,42.7863957,-121.5566005,410359702011,Klamath County,Block Group 1,1,2266,940,926,14,0,14,111,829,0.74,635,451,184,2.05,33,8,6,0,8,788,60,37,1,0,0,0,13,18,5,65,17,7,5,47,866,28,3,2,0,8,708,49,31,0,0,0,0,12,17,2,0,0,0,0,0,0,14,3305765321,22483397,1016,3.36260251234,434156.681277899,6181077590.33576
209,209,41,35,970100,1,410359701001,Block Group 1,G5030,S,1591385071,0,43.2870927,-121.5763746,410359701001,Klamath County,Block Group 1,1,2262,946,946,0,0,0,128,818,1.54,633,439,194,2.15,11,5,2,0,4,823,67,34,0,0,1,0,11,13,9,53,8,9,2,45,910,11,5,0,0,4,717,55,26,0,0,0,0,10,10,6,0,0,0,0,0,0,0,1591385071,0,1012,1.97738743007,258524.592461668,3004579816.14077
210,210,41,35,970201,2,410359702012,Block Group 2,G5030,S,538317759,2136593,42.4423866,-121.3206854,410359702012,Klamath County,Block Group 2,2,2267,1072,1072,0,0,0,171,901,5.16,616,470,146,2.28,71,9,17,0,5,834,59,77,6,0,0,0,20,13,38,116,17,28,6,76,939,62,9,17,0,5,712,45,51,0,0,0,0,14,11,26,0,0,0,0,0,0,0,538317759,2136593,1017,1.39265778327,178482.544340647,992465984.429702
211,211,41,35,970202,3,410359702023,Block Group 3,G5030,S,523962071,3287447,42.5021425,-121.7358272,410359702023,Klamath County,Block Group 3,3,2270,1204,1204,0,0,0,238,966,5.95,638,492,146,2.45,313,8,0,3,8,722,93,57,9,0,2,0,8,27,11,395,25,7,13,32,841,213,7,0,3,5,621,76,41,9,0,0,0,8,18,6,0,0,0,0,0,0,0,523962071,3287447,1020,1.43869687073,182919.101910649,970472703.87457
212,212,41,35,970100,3,410359701003,Block Group 3,G5030,S,20223183,0,43.5910132,-121.5885823,410359701003,Klamath County,Block Group 3,3,2264,770,770,0,0,0,101,669,98.61,431,339,92,2.27,8,0,0,1,4,696,36,25,0,1,1,0,13,4,6,30,1,6,1,36,740,8,0,0,1,4,608,29,19,0,1,0,0,11,3,4,0,0,0,0,0,0,0,20223183,0,1014,0.304667241569,39146.995274592,38564267.5084617
213,213,41,35,970902,1,410359709021,Block Group 1,G5030,S,27069698,431491,42.1763349,-121.8683092,410359709021,Klamath County,Block Group 1,1,2285,1334,1334,0,0,0,288,1046,127.64,591,522,69,2.56,32,15,11,0,4,1064,89,119,5,0,0,0,22,50,42,104,25,15,4,83,1242,24,12,7,0,4,856,75,68,2,0,0,0,19,19,28,0,0,0,0,0,0,0,27069698,431491,1035,0.291641132798,35559.9824519168,50111426.7975048
214,214,41,35,970901,2,410359709012,Block Group 2,G5030,S,91508273,3215232,42.2504715,-121.9096323,410359709012,Klamath County,Block Group 2,2,2284,1521,1515,6,0,6,335,1186,43.05,627,577,50,2.63,25,19,5,0,10,1246,113,103,14,1,0,0,17,33,38,95,59,19,11,78,1423,15,19,4,0,9,1004,68,67,11,1,0,0,14,22,19,0,0,0,0,0,0,6,91508273,3215232,1034,0.627480049237,79829.7656066493,172915740.074095
215,215,41,35,970202,2,410359702022,Block Group 2,G5030,S,38299043,8389828,42.4998283,-121.9714271,410359702022,Klamath County,Block Group 2,2,2269,1063,1063,0,0,0,160,903,71.89,570,492,78,2.16,102,14,4,3,2,824,61,53,3,0,1,0,3,21,25,156,17,8,11,35,927,68,13,4,3,0,740,47,28,3,0,0,0,3,13,9,0,0,0,0,0,0,0,38299043,8389828,1019,0.549543348497,73161.0040835739,86008580.6617226
216,216,41,35,970202,1,410359702021,Block Group 1,G5030,S,47042587,204591,42.5976791,-121.8881794,410359702021,Klamath County,Block Group 1,1,2268,738,738,0,0,0,128,610,40.63,410,337,73,2.19,222,0,1,0,7,435,42,31,3,0,0,0,8,10,10,255,5,5,1,36,495,164,0,1,0,7,388,27,23,3,0,0,0,8,3,9,0,0,0,0,0,0,0,47042587,204591,1018,0.352374718872,48513.9593456395,87241577.0376646
217,217,41,35,970902,2,410359709022,Block Group 2,G5030,S,6600419,862913,42.2023435,-121.7906709,410359709022,Klamath County,Block Group 2,2,2286,1144,1125,19,0,19,267,877,448.9,523,475,48,2.37,53,11,9,0,1,855,87,128,3,1,0,0,35,56,33,130,30,13,2,68,1028,42,8,1,0,0,695,65,66,2,0,0,0,19,26,19,0,0,0,0,0,0,19,6600419,862913,1036,0.137128839616,18241.7326403508,13609000.0450717
218,218,41,35,970901,1,410359709011,Block Group 1,G5030,S,24128732,33723352,42.3009721,-121.904073,410359709011,Klamath County,Block Group 1,1,2283,945,945,0,0,0,110,835,101.44,611,447,164,2.11,10,6,4,0,4,834,40,47,0,0,0,0,13,17,17,30,16,6,0,45,907,7,6,4,0,4,752,30,32,0,0,0,0,11,9,12,0,0,0,0,0,0,0,24128732,33723352,1033,0.410979129676,53577.3297137584,105820471.728349
219,219,41,15,950301,4,410159503014,Block Group 4,G5030,S,1394250733,21805798,42.3071125,-124.1223057,410159503014,Curry County,Block Group 4,4,1775,1302,1302,0,0,0,137,1165,2.42,753,599,154,2.17,24,11,2,1,2,1111,72,79,3,0,0,0,20,18,38,85,21,5,5,62,1239,17,10,1,1,1,1021,49,65,3,0,0,0,13,17,32,0,0,0,0,0,0,0,1394250733,21805798,525,2.83204123465,364421.161065344,2591050857.55087
220,220,41,15,950401,2,410159504012,Block Group 2,G5030,S,609692441,2420584,42.116865,-123.9370837,410159504012,Curry County,Block Group 2,2,1781,1348,1348,0,0,0,148,1200,5.73,754,615,139,2.19,19,11,4,1,12,1107,103,91,4,0,2,0,19,24,42,88,30,20,6,87,1273,17,11,4,1,12,1004,74,77,3,0,2,0,18,18,36,0,0,0,0,0,0,0,609692441,2420584,531,1.44647195594,178423.41190258,1112092832.26069
221,221,41,15,950201,2,410159502012,Block Group 2,G5030,S,120991403,8574698,42.3408755,-124.3719754,410159502012,Curry County,Block Group 2,2,1769,1796,1791,5,5,0,301,1495,38.45,934,802,132,2.23,39,17,4,2,6,1505,114,109,8,0,0,0,11,48,42,131,31,18,5,79,1707,35,16,4,2,5,1284,81,68,6,0,0,0,8,27,27,0,0,0,5,0,0,0,120991403,8574698,519,0.735016185847,96388.2523276755,237285651.52296
222,222,41,15,950202,2,410159502022,Block Group 2,G5030,S,247598238,1741785,42.6045743,-124.349573,410159502022,Curry County,Block Group 2,2,1771,1252,1250,2,0,2,152,1100,13.1,718,565,153,2.21,17,11,2,0,2,1124,64,32,0,0,0,0,3,12,17,49,20,7,8,44,1215,14,10,2,0,2,996,51,25,0,0,0,0,3,11,11,0,0,0,0,0,0,2,247598238,1741785,521,0.939751480241,125596.918967404,460118190.37281
223,223,41,15,950401,3,410159504013,Block Group 3,G5030,S,4900072,141281,42.0589998,-124.2390562,410159504013,Curry County,Block Group 3,3,1782,1004,1004,0,0,0,158,846,530.68,502,435,67,2.31,33,6,4,0,3,732,67,159,5,0,0,0,72,24,58,80,17,7,1,148,881,25,6,4,0,3,646,49,113,3,0,0,0,53,17,40,0,0,0,0,0,0,0,4900072,141281,532,0.141621419323,17345.8351038518,9152475.66673235
224,224,41,15,950401,1,410159504011,Block Group 1,G5030,S,3317472,0,42.0470362,-124.2433693,410159504011,Curry County,Block Group 1,1,1780,573,573,0,0,0,52,521,447.35,357,307,50,1.87,6,2,0,0,0,490,37,38,6,0,0,0,10,15,7,33,6,0,3,29,548,3,2,0,0,0,456,33,27,2,0,0,0,10,8,7,0,0,0,0,0,0,0,3317472,0,530,0.0911798324758,11544.0729095623,6020152.54165231
225,225,41,15,950201,1,410159502011,Block Group 1,G5030,S,41629462,4794249,42.4377432,-124.3674798,410159502011,Curry County,Block Group 1,1,1768,1717,1703,14,14,0,220,1497,106.82,996,824,172,2.07,42,11,6,4,2,1470,80,102,9,0,0,0,23,36,34,109,22,16,6,70,1620,31,11,5,4,2,1321,63,60,4,0,0,0,19,21,16,14,0,0,0,0,0,0,41629462,4794249,518,0.582779557852,73097.4037559804,85275893.4002208
226,226,41,15,950402,1,410159504021,Block Group 1,G5030,S,1086993,262085,42.0462497,-124.2623222,410159504021,Curry County,Block Group 1,1,1783,790,780,10,0,10,75,715,1882.34,502,450,52,1.73,12,11,2,0,2,672,41,50,3,0,0,0,15,17,15,47,17,4,0,41,744,11,6,2,0,2,624,34,36,0,0,0,0,15,14,7,0,0,0,0,0,4,6,1086993,262085,533,0.0578366586202,7206.89721297389,2448171.83707906
227,227,41,15,950202,1,410159502021,Block Group 1,G5030,S,15743782,70143774,42.4814698,-124.4405639,410159502021,Curry County,Block Group 1,1,1770,671,663,8,0,8,79,592,110.39,493,359,134,1.85,6,4,3,0,0,583,43,32,0,0,1,0,7,10,14,28,19,9,7,29,647,6,4,3,0,0,516,36,27,0,0,1,0,7,7,12,0,0,0,0,0,0,8,15743782,70143774,520,0.823078852443,110720.681529181,158252222.418664
228,228,41,15,950402,2,410159504022,Block Group 2,G5030,S,2335281,2170450,42.0348403,-124.2580504,410159504022,Curry County,Block Group 2,2,1784,1204,1204,0,0,0,96,1108,1335.32,763,642,121,1.88,19,7,6,0,0,998,89,85,6,0,2,0,14,23,40,92,11,13,0,72,1150,19,6,6,0,0,937,83,57,1,0,2,0,12,15,27,0,0,0,0,0,0,0,2335281,2170450,534,0.102651888164,12508.3473831082,8173388.52828922
229,229,41,15,950302,4,410159503024,Block Group 4,G5030,S,4734950,355,42.072362,-124.2913438,410159503024,Curry County,Block Group 4,4,1779,1345,1304,41,0,41,225,1120,735.71,635,576,59,2.26,42,18,4,0,10,1065,77,129,5,0,0,0,43,39,42,96,32,12,2,104,1223,32,17,1,0,7,921,59,83,1,0,0,0,31,28,23,0,0,0,0,0,0,41,4734950,355,529,0.130199632803,17116.1230143326,8600198.13850494
230,230,41,15,950302,3,410159503023,Block Group 3,G5030,S,1001990,0,42.0607471,-124.2933139,410159503023,Curry County,Block Group 3,3,1778,1389,1381,8,0,8,287,1102,3590.35,636,563,73,2.45,16,19,2,0,5,1144,105,98,1,0,0,0,14,28,55,81,31,6,5,100,1331,10,15,2,0,5,927,73,70,1,0,0,0,9,21,39,0,0,0,0,0,0,8,1001990,0,528,0.0430948885279,5559.51086053989,1819074.21067487
231,231,41,15,950301,2,410159503012,Block Group 2,G5030,S,2673425,115160,42.0651075,-124.2754098,410159503012,Curry County,Block Group 2,2,1773,1699,1690,9,0,9,371,1328,1645.97,760,696,64,2.43,46,12,11,4,13,1265,135,213,3,0,2,0,60,74,74,117,50,43,5,154,1545,29,10,11,4,9,1041,86,138,2,0,2,0,45,39,50,0,0,0,0,0,0,9,2673425,115160,523,0.108446558205,14315.3213668719,5063373.61856069
232,232,41,3,101,3,410030001013,Block Group 3,G5030,S,832497,0,44.5408192,-123.260739,410030001013,Benton County,Block Group 3,3,1270,1480,1468,12,0,12,287,1193,4604.44,595,567,28,2.59,12,40,12,7,4,1125,82,198,17,2,0,0,64,49,66,65,71,24,15,145,1318,10,31,10,6,2,934,67,133,8,2,0,0,46,35,42,0,0,0,0,0,0,12,832497,0,20,0.0420997154326,5442.81638770194,1638927.90043668
233,233,41,3,102,2,410030001022,Block Group 2,G5030,S,4965504,252878,44.5290776,-123.2600147,410030001022,Benton County,Block Group 2,2,1272,1812,1807,5,0,5,448,1364,945.13,671,638,33,2.83,8,119,23,9,21,1246,171,215,9,0,3,0,34,64,105,86,175,61,39,187,1569,5,103,14,6,17,978,83,158,9,0,3,0,25,42,79,0,0,0,0,0,0,5,4965504,252878,22,0.170415940767,23700.6797296945,10269341.9865469
234,234,41,3,10900,3,410030109003,Block Group 3,G5030,S,4757560,386013,44.5548455,-123.3158853,410030109003,Benton County,Block Group 3,3,1334,2086,2039,47,0,47,239,1847,1135.61,1040,898,142,2.27,9,393,25,10,7,1382,120,140,1,0,1,0,30,41,67,52,431,40,20,142,1603,6,368,23,10,7,1224,98,111,0,0,1,0,24,33,53,0,0,0,0,0,0,47,4757560,386013,84,0.153375673442,18431.7785256276,10130058.3138749
235,235,41,3,10601,2,410030106012,Block Group 2,G5030,S,278919,0,44.5577568,-123.2707097,410030106012,Benton County,Block Group 2,2,1323,1525,1465,60,0,60,83,1442,14160.86,951,881,70,1.66,4,332,28,9,1,899,99,153,1,0,0,5,66,51,30,25,390,39,27,107,1076,4,329,28,6,1,841,90,143,1,0,0,0,62,50,30,0,0,0,0,0,0,60,278919,0,73,0.0234056021564,3086.73287412249,549422.757395622
236,236,41,3,402,3,410030004023,Block Group 3,G5030,S,4341872,0,44.6061039,-123.2819548,410030004023,Benton County,Block Group 3,3,1280,1769,1769,0,0,0,368,1401,1055.23,699,660,39,2.68,2,308,14,2,11,1212,113,107,0,1,1,0,15,36,54,29,362,28,10,103,1411,2,233,7,2,10,1001,75,71,0,1,1,0,11,25,33,0,0,0,0,0,0,0,4341872,0,30,0.136787666025,17783.8604102218,8566833.70030623
237,237,41,3,10601,1,410030106011,Block Group 1,G5030,S,1005719,115816,44.5649943,-123.2611923,410030106011,Benton County,Block Group 1,1,1322,1549,1343,206,28,178,131,1418,3989.08,819,729,90,1.84,26,67,26,2,25,1112,109,182,9,0,1,4,58,58,52,83,104,50,21,147,1321,23,61,26,2,22,1041,95,148,9,0,1,0,48,42,48,28,0,0,0,0,0,178,1005719,115816,72,0.0594119062983,8291.64551090675,2209753.85937277
238,238,41,3,10602,1,410030106021,Block Group 1,G5030,S,275675,0,44.5632104,-123.268103,410030106021,Benton County,Block Group 1,1,1324,1004,897,107,11,96,77,927,9432.66,627,441,186,2.03,14,155,10,2,3,630,69,121,1,1,0,1,42,34,42,38,202,20,16,87,767,6,142,10,2,3,597,64,103,1,1,0,1,40,28,32,0,11,0,0,40,0,56,275675,0,74,0.022306166502,2978.65167688204,543132.376554648
239,239,41,3,102,1,410030001021,Block Group 1,G5030,S,533741,0,44.5338392,-123.2617881,410030001021,Benton County,Block Group 1,1,1271,1597,1597,0,0,0,339,1258,7749.47,694,678,16,2.36,13,88,27,4,10,1062,118,275,10,0,3,0,95,103,64,66,131,45,11,196,1341,13,73,19,4,4,898,80,167,4,0,3,0,58,66,36,0,0,0,0,0,0,0,533741,0,21,0.0325201240763,4154.91895243124,1050514.13840852
240,240,41,3,10400,4,410030104004,Block Group 4,G5030,S,45880753,0,44.3500919,-123.3262405,410030104004,Benton County,Block Group 4,4,1321,1525,1525,0,0,0,314,1211,86.09,629,580,49,2.63,12,15,2,2,3,1212,89,190,7,2,0,0,70,45,66,63,35,9,7,163,1408,10,11,2,2,3,1009,69,105,7,2,0,0,45,17,34,0,0,0,0,0,0,0,45880753,0,71,0.306334433787,41276.6280162795,89740907.9070014
241,241,41,3,10101,2,410030101012,Block Group 2,G5030,S,2191968,0,44.6516693,-123.1311272,410030101012,Benton County,Block Group 2,2,1307,1343,1343,0,0,0,281,1062,1586.86,484,469,15,2.86,6,20,3,2,5,1150,74,83,1,0,0,0,12,33,37,34,48,9,4,75,1292,6,18,3,2,3,931,51,48,1,0,0,0,9,14,24,0,0,0,0,0,0,0,2191968,0,57,0.0785189392649,9848.80480194049,4331675.98199711
242,242,41,3,402,2,410030004022,Block Group 2,G5030,S,710989,0,44.5973863,-123.2916091,410030004022,Benton County,Block Group 2,2,1279,1203,1203,0,0,0,194,1009,4382.28,536,498,38,2.42,0,116,7,7,5,949,68,51,1,0,3,0,4,14,29,24,154,22,11,40,1057,0,94,7,7,4,814,47,36,1,0,1,0,2,12,20,0,0,0,0,0,0,0,710989,0,29,0.0421853752677,5431.04610780487,1402422.53763061
243,243,41,3,10101,1,410030101011,Block Group 1,G5030,S,6441828,498478,44.6565439,-123.0930058,410030101011,Benton County,Block Group 1,1,1306,865,865,0,0,0,165,700,347.78,360,357,3,2.42,7,9,0,0,1,769,45,34,0,2,0,0,6,9,17,27,21,3,8,35,834,7,7,0,0,0,633,35,18,0,0,0,0,2,4,12,0,0,0,0,0,0,0,6441828,498478,56,0.142524442838,18568.1807267318,13717684.5333321
244,244,41,3,10602,2,410030106022,Block Group 2,G5030,S,679200,0,44.5638703,-123.2755878,410030106022,Benton County,Block Group 2,2,1325,2763,397,2366,0,2366,17,2746,10536.13,224,192,32,2.07,1,258,46,19,19,2060,91,269,0,0,1,0,108,96,64,13,319,58,32,193,2309,1,258,46,19,19,2053,84,266,0,0,1,0,108,96,61,0,0,0,0,2366,0,0,679200,0,75,0.0377752640546,5041.67075712019,1338182.3149746
245,245,41,25,960102,1,410259601021,Block Group 1,G5030,S,3135104637,2990115,43.7275537,-119.3883625,410259601021,Harney County,Block Group 1,1,2004,1441,1406,35,35,0,334,1107,1.19,698,605,93,2.32,130,10,5,0,13,1093,91,99,7,0,0,0,16,36,40,209,26,21,16,74,1239,98,10,5,0,8,882,59,45,5,0,0,0,6,20,14,35,0,0,0,0,0,0,3135104637,2990115,754,2.88169083507,357449.546072488,6015114288.10531
246,246,41,25,960101,2,410259601012,Block Group 2,G5030,S,15328629,0,43.5826211,-119.1058452,410259601012,Harney County,Block Group 2,2,2003,1031,965,66,66,0,234,797,174.2,487,438,49,2.2,36,2,0,0,0,859,63,71,10,0,0,0,15,26,20,92,8,14,5,41,967,21,2,0,0,0,695,45,34,0,0,0,0,13,8,13,0,0,66,0,0,0,0,15328629,0,753,0.219512486828,27604.3919566124,29222567.2875409
247,247,41,25,960102,2,410259601022,Block Group 2,G5030,S,37636646,132963,43.547169,-119.0596383,410259601022,Harney County,Block Group 2,2,2005,695,695,0,0,0,132,563,47.83,355,302,53,2.3,11,7,0,0,1,597,43,36,5,0,1,0,1,20,9,38,10,5,0,29,667,11,7,0,0,1,498,28,18,2,0,1,0,1,11,3,0,0,0,0,0,0,0,37636646,132963,755,0.266657923447,35647.5061003823,71917842.799256
248,248,41,25,960101,1,410259601011,Block Group 1,G5030,S,9660936,0,43.5598316,-119.0992598,410259601011,Harney County,Block Group 1,1,2002,1438,1412,26,0,26,339,1099,385.51,627,592,35,2.39,19,6,0,0,0,1263,73,77,5,0,0,0,26,30,16,47,22,15,4,73,1380,12,5,0,0,0,983,54,45,1,0,0,0,14,20,10,0,0,0,0,0,0,26,9660936,0,752,0.155637621174,19228.9308020939,18403825.0819802
249,249,41,25,960102,3,410259601023,Block Group 3,G5030,S,6012529,0,43.5964946,-119.0343238,410259601023,Harney County,Block Group 3,3,2006,725,725,0,0,0,135,590,312.3,396,363,33,2.0,12,6,0,0,4,646,26,31,0,0,0,0,4,10,17,29,17,2,3,27,696,10,6,0,0,4,528,23,19,0,0,0,0,3,6,10,0,0,0,0,0,0,0,6012529,0,756,0.110904957644,14390.3934318332,11467562.3186012
250,250,41,23,960201,1,410239602011,Block Group 1,G5030,S,3530797702,308530,44.2377729,-119.3244483,410239602011,Grant County,Block Group 1,1,1997,794,794,0,0,0,145,649,0.58,495,341,154,2.33,4,0,1,2,0,714,43,30,0,0,0,0,5,12,13,42,10,15,12,17,776,4,0,1,2,0,582,31,29,0,0,0,0,5,12,12,0,0,0,0,0,0,0,3530797702,308530,747,3.89267685468,512986.228051798,6880529902.03687
251,251,41,23,960201,2,410239602012,Block Group 2,G5030,S,514899642,77636,44.3497185,-119.2244589,410239602012,Grant County,Block Group 2,2,1998,767,767,0,0,0,132,635,3.86,402,360,42,2.13,0,0,0,1,0,713,31,22,2,0,1,0,4,2,13,15,5,4,4,33,758,0,0,0,1,0,589,26,19,2,0,1,0,4,2,10,0,0,0,0,0,0,0,514899642,77636,748,1.41394731016,187011.116114369,1009048766.33733
252,252,41,23,960202,2,410239602022,Block Group 2,G5030,S,351702436,163990,44.4914352,-118.9233037,410239602022,Grant County,Block Group 2,2,2000,1380,1348,32,32,0,300,1080,10.16,661,613,48,2.2,12,8,2,5,8,1220,84,41,0,0,1,0,7,16,17,61,14,20,12,50,1331,12,8,2,5,8,959,59,27,0,0,1,0,4,13,9,0,0,32,0,0,0,0,351702436,163990,750,1.09334714591,136881.464419472,691666483.627558
253,253,41,23,960202,1,410239602021,Block Group 1,G5030,S,177598821,12150,44.3247907,-119.0167206,410239602021,Grant County,Block Group 1,1,1999,1512,1505,7,7,0,274,1238,22.05,800,710,90,2.12,19,5,3,0,4,1335,83,63,3,0,0,0,15,20,25,80,15,18,5,63,1458,17,4,0,0,4,1111,63,39,0,0,0,0,8,11,20,7,0,0,0,0,0,0,177598821,12150,749,0.663332282013,88850.0272961081,347234549.324481
254,254,41,23,960202,3,410239602023,Block Group 3,G5030,S,61125923,0,44.3920983,-118.8881215,410239602023,Grant County,Block Group 3,3,2001,730,721,9,0,9,122,608,30.93,378,325,53,2.22,5,7,2,1,4,638,43,30,0,0,1,0,4,14,11,41,12,15,5,22,705,2,7,2,1,4,537,34,21,0,0,1,0,2,8,10,0,0,0,0,0,0,9,61125923,0,751,0.495388738507,64369.377970731,119730247.701871
255,255,41,5,20506,1,410050205061,Block Group 1,G5030,S,7895907,0,45.375096,-122.6783725,410050205061,Clackamas County,Block Group 1,1,1370,923,923,0,0,0,206,717,302.76,363,336,27,2.75,1,27,8,1,5,787,53,41,1,0,0,0,4,13,23,20,48,13,4,43,875,1,22,8,1,5,629,32,19,1,0,0,0,1,5,12,0,0,0,0,0,0,0,7895907,0,120,0.135385273784,17648.7450791053,16000095.9692218
256,256,41,5,20507,3,410050205073,Block Group 3,G5030,S,845468,0,45.3557454,-122.6489429,410050205073,Clackamas County,Block Group 3,3,1374,1752,1752,0,0,0,446,1306,5367.04,726,691,35,2.54,5,156,21,1,16,1358,111,84,0,0,0,0,16,28,40,42,213,32,7,84,1533,3,120,16,1,15,1034,66,51,0,0,0,0,7,20,24,0,0,0,0,0,0,0,845468,0,124,0.0475203757039,6469.63244971121,1712070.41156558
257,257,41,5,20504,4,410050205044,Block Group 4,G5030,S,969474,0,45.3754495,-122.642569,410050205044,Clackamas County,Block Group 4,4,1367,1770,1758,12,0,12,371,1399,4728.62,754,741,13,2.37,1,70,14,0,8,1516,102,59,0,1,0,0,8,9,41,45,110,25,11,74,1658,1,57,5,0,5,1237,57,37,0,1,0,0,6,6,24,0,0,0,0,0,0,12,969474,0,117,0.056439121148,7266.21134681637,1964546.52278914
258,258,41,5,23300,4,410050233004,Block Group 4,G5030,S,4892794,0,45.4518075,-122.3989762,410050233004,Clackamas County,Block Group 4,4,1540,804,801,3,0,3,149,655,425.6,290,275,15,2.91,9,16,6,0,0,685,44,44,0,0,2,0,5,7,30,40,25,13,6,39,764,7,10,6,0,0,565,35,32,0,0,2,0,2,5,23,0,0,0,0,0,0,3,4892794,0,290,0.098182592678,12746.4705127619,9941440.2013145
259,259,41,5,20507,2,410050205072,Block Group 2,G5030,S,1082272,0,45.3541955,-122.6405089,410050205072,Clackamas County,Block Group 2,2,1373,1312,1312,0,0,0,348,964,3139.75,405,387,18,3.39,7,177,16,2,10,926,102,72,0,2,0,0,8,24,38,37,237,29,6,68,1086,7,144,14,2,6,695,53,43,0,2,0,0,5,14,22,0,0,0,0,0,0,0,1082272,0,123,0.0728786735591,9301.56648680525,2191491.97598484
260,260,41,5,23202,4,410050232024,Block Group 4,G5030,S,5021082,181263,45.4079037,-122.485721,410050232024,Clackamas County,Block Group 4,4,1536,1841,1841,0,0,0,455,1386,949.63,611,592,19,3.11,15,160,23,10,13,1389,100,131,4,2,2,0,36,52,35,71,197,34,21,97,1566,11,125,19,8,7,1059,82,75,4,2,0,0,21,23,25,0,0,0,0,0,0,0,5021082,181263,286,0.166988951477,21953.2469900142,10553778.5610741
261,261,41,5,23300,3,410050233003,Block Group 3,G5030,S,5766682,3041,45.4336408,-122.4071299,410050233003,Clackamas County,Block Group 3,3,1539,1023,1023,0,0,0,182,841,459.46,379,376,3,2.72,3,26,6,0,2,883,56,47,1,0,4,0,17,10,15,16,48,19,3,53,963,3,18,6,0,2,729,42,41,1,0,3,0,14,9,14,0,0,0,0,0,0,0,5766682,3041,289,0.112348773074,15176.6924386945,11714910.5044372
262,262,41,5,20101,2,410050201012,Block Group 2,G5030,S,1601915,0,45.4287788,-122.6872585,410050201012,Clackamas County,Block Group 2,2,1336,1493,1493,0,0,0,365,1128,2413.89,586,543,43,2.75,3,124,9,0,10,1209,80,58,0,0,1,0,6,15,36,10,178,22,4,63,1334,3,90,8,0,5,950,34,38,0,0,0,0,6,8,24,0,0,0,0,0,0,0,1601915,0,86,0.0633000190593,7792.30727190769,3252210.99862276
263,263,41,5,22110,1,410050221101,Block Group 1,G5030,S,968530,0,45.4145432,-122.5115104,410050221101,Clackamas County,Block Group 1,1,1447,1688,1688,0,0,0,447,1241,4513.95,585,570,15,2.96,10,208,25,9,3,1163,110,160,6,0,0,0,64,40,50,45,272,46,19,123,1357,5,171,17,4,3,876,60,105,5,0,0,0,44,27,29,0,0,0,0,0,0,0,968530,0,197,0.0471966134114,6121.40167637309,1965324.93426981
264,264,41,5,20602,3,410050206023,Block Group 3,G5030,S,1601263,1176,45.3653171,-122.6262344,410050206023,Clackamas County,Block Group 3,3,1379,1808,1801,7,0,7,448,1360,2924.38,653,648,5,2.78,1,86,10,0,2,1483,112,114,2,0,0,1,18,36,57,30,140,27,9,101,1686,1,69,7,0,0,1166,60,57,2,0,0,0,11,16,28,0,0,0,0,0,0,7,1601263,1176,129,0.0890486588866,11319.5270254212,3246154.99852065
265,265,41,5,20601,2,410050206012,Block Group 2,G5030,S,1616004,419100,45.3709141,-122.6176323,410050206012,Clackamas County,Block Group 2,2,1376,1854,1824,30,0,30,375,1479,2971.43,719,694,25,2.63,11,41,15,3,9,1553,117,105,1,0,0,0,23,26,55,50,75,38,9,123,1744,11,40,15,2,8,1254,75,74,1,0,0,0,19,19,35,0,0,0,0,0,0,30,1616004,419100,126,0.0877984845354,11072.7412670349,4123287.74965503
266,266,41,5,20602,2,410050206022,Block Group 2,G5030,S,908450,0,45.3622387,-122.6310762,410050206022,Clackamas County,Block Group 2,2,1378,1978,1971,7,0,7,548,1430,5639.27,715,691,24,2.85,2,107,21,2,10,1554,150,132,2,0,0,0,20,55,55,53,171,49,12,108,1812,2,81,15,2,5,1159,81,85,2,0,0,0,13,38,32,0,0,0,0,0,0,7,908450,0,128,0.0603829098775,7494.52008987591,1840035.30381311
267,267,41,5,22901,3,410050229013,Block Group 3,G5030,S,4471628,370265,45.2745514,-122.664531,410050229013,Clackamas County,Block Group 3,3,1514,1848,1848,0,0,0,386,1462,1070.37,756,722,34,2.56,8,31,8,2,2,1455,89,253,10,0,1,2,109,54,77,72,45,33,11,199,1665,4,27,6,2,2,1183,66,172,10,0,1,2,76,44,39,0,0,0,0,0,0,0,4471628,370265,264,0.116529909453,16593.9795538493,9777412.53915957
268,268,41,5,20601,1,410050206011,Block Group 1,G5030,S,788440,2169,45.3707947,-122.6274517,410050206011,Clackamas County,Block Group 1,1,1375,1388,1373,15,0,15,348,1040,4559.51,547,525,22,2.62,2,50,9,1,4,1131,87,104,1,2,0,0,17,38,46,22,87,28,3,89,1294,2,38,9,1,4,876,50,60,1,2,0,0,10,21,26,0,0,0,0,0,0,15,788440,2169,125,0.0645121378104,8185.34734238281,1601720.51066691
269,269,41,5,24200,5,410050242005,Block Group 5,G5030,S,4778017,47696,45.2802157,-122.3167128,410050242005,Clackamas County,Block Group 5,5,1584,2010,2010,0,0,0,500,1510,1089.55,726,685,41,2.93,7,32,12,5,10,1683,126,135,4,0,0,3,21,56,51,70,64,37,16,94,1910,4,22,9,4,5,1307,87,72,3,0,0,0,14,27,28,0,0,0,0,0,0,0,4778017,47696,334,0.125148509962,15790.5167869494,9747327.85859555
270,270,41,5,24200,2,410050242002,Block Group 2,G5030,S,28256165,843851,45.24719,-122.2352537,410050242002,Clackamas County,Block Group 2,2,1581,983,983,0,0,0,169,814,90.1,418,412,6,2.39,4,5,4,0,3,880,53,34,3,0,0,0,7,15,9,33,17,12,7,28,955,3,3,4,0,3,735,42,24,3,0,0,0,7,8,6,0,0,0,0,0,0,0,28256165,843851,331,0.498847922109,63734.5870585044,58712973.3531602
